2925 4928
759 406 858 458 nn
903 406 1137 457 NUPT.
1178 406 1464 459 norton.
1512 405 1628 457 Εἰ*
1656 407 1842 460 MAR.
2292 395 2425 466 31¹7

217 548 502 632 Limina,
533 553 1036 639 despectusque
1067 556 1212 620 solo
1236 554 1552 619 'calcatur
1579 553 1874 621 achates.

216 651 293 716 In
321 655 545 721 medio
577 657 795 741 glebis
822 658 1276 723 redolentibus
1307 675 1465 722 area
1492 651 1698 721 dives*

212 752 481 822 Praebet
507 760 822 826 odoratas
850 778 1126 826 messes,
1217 760 1361 825 Hic
1389 761 1571 825 mitis
1602 760 1869 838 amomi,

216 856 355 924 Hic
382 862 595 927 casiae
626 868 893 928 matura
921 882 1132 945 segem
1165 861 1643 947 Panchaeaque
1675 867 1935 946 turgent

216 958 564 1042 cinnama,
596 963 717 1029 nec
749 966 936 1030 sicca
963 958 1391 1030 frondescunt
1420 965 1675 1030 vimina
1707 972 1920 1044 costo,

2339 966 2431 1032 95

215 1062 571 1150 Tardaque
601 1067 863 1134 sudanti
892 1074 1256 1155 prorepunt
1284 1070 1588 1135 balsama
1612 1070 1815 1152 ligno.
2431 1123 2434 1124 f

217 1288 518 1352 attolluntur,
543 1296 592 1340 ct
613 1305 678 1341 ex
700 1292 882 1342 Achate
896 1297 1055 1355 spreto
1066 1292 1387 1355 pavimentum
1399 1297 1605 1342 stratum
1618 1297 1705 1342 est.
1740 1293 1804 1342 Ia
1819 1293 1971 1342 medio
1987 1292 2211 1357 planities
2232 1294 2434 1357 locuples

209 1352 370 1411 fundit
394 1370 564 1405 messes
587 1355 872 1419 fragrantes
880 1357 1062 1418 frustis
1084 1358 1195 1407 bene
1216 1359 1465 1408 ulantibus.
1499 1358 1602 1407 Hic
1623 1365 1692 1407 est
1717 1361 1851 1421 copia
1867 1359 2242 1421 exquisitissima
2260 1360 2433 1408 amomi

216 1418 381 1483 atavis,
401 1426 452 1469 et
471 1422 558 1469 via
591 1423 840 1471 sternitur
860 1424 1004 1471 casia.
1060 1423 1294 1471 cinnama
1310 1422 1519 1472 Arabica
1533 1423 1774 1472 abundant
1790 1441 1810 1482 ‚·
1850 1439 1997 1486 neque
2019 1424 2141 1472 rami
2155 1423 2432 1487 sylvescunt,

219 1488 337 1533 casto
357 1492 541 1549 arente,
558 1502 704 1550 neque
723 1488 930 1537 balsama
941 1503 1046 1537 sera
1068 1489 1256 1537 stabunt
1272 1503 1338 1538 ex
1355 1490 1545 1537 caudice
1560 1489 1858 1553 lacrymanti.
1896 1490 2004 1546 Quo
2015 1492 2318 1553 posteaquam
2337 1491 2432 1538 Cu-

1143 1618 1500 1639 OOOOOOOOOOOO

222 1714 362 1765 Med.
387 1720 690 1780 quart—91
731 1715 936 1765 Lamina
963 1713 1145 1764 Ambr.
1169 1728 1276 1763 sec.
1296 1714 1420 1763 Var.
1445 1716 1551 1765 LI..
1574 1716 1659 1765 ed.
1698 1715 1857 1766 Antv.
1880 1718 2182 1780 despectoque
2204 1716 2434 1767 Florent.

222 1784 346 1830 —92
376 1782 532 1843 glebis
552 1781 859 1830 redeuntibus
879 1781 1031 1830 Fam.
1052 1778 1352 1828 radiantibus
1385 1781 1660 1831 Pria—93
1694 1784 1914 1831 odoratas
1936 1783 2136 1831 Bonon.
2161 1782 2282 1831 Pat.
2305 1782 2436 1831 Tho-

223 1846 308 1893 los.
332 1861 399 1894 m.
423 1861 529 1898 sec.
554 1854 662 1908 tres
686 1845 865 1895 Ambr.
886 1846 994 1895 hinc
1014 1847 1151 1894 mitis
1170 1845 1360 1906 amomi,
1383 1845 1518 1895 Hinc
1538 1847 1678 1895 caeioe
1703 1847 1895 1897 Moret.
1917 1851 2131 1911 pia—94
2162 1847 2328 1896 nativa
2352 1847 2435 1896 vel

223 1917 406 1959 matura
428 1912 602 1961 Oxou.
628 1919 733 1961 s'ec.
757 1911 1002 1959 Panchaia
1025 1911 1142 1959 Pal.
1168 1911 1402 1959 Florent.
1424 1911 1567 1960 Med.
1589 1927 1666 1975 pr.
1681 1913 1878 1961 Thuan.
1900 1919 2003 1961 vet.
2026 1913 2158 1976 Gyr.
2181 1913 2439 1961 Pancboea-

223 1991 304 2038 que
323 1977 446 2025 Vat.
471 1992 554 2040 pr.
580 1976 723 2027 Pric.
748 1975 911 2025 Oisel.
937 1977 1240 2038 Pangaeaque
1264 1976 1390 2024 LoV.
1427 1977 1731 2041 Pangoeaque
1763 1980 1847 2027 vel
1873 1978 2195 2041 Panchoeaque
2216 1984 2438 2041 quatuor

223 2041 364 2091 Vatt.
388 2047 584 2103 turgent
606 2041 785 2104 viginti
812 2047 1034 2105 quatuor
1058 2041 1224 2090 Codd.
1265 2041 1395 2089 Exc.
1422 2040 1643 2092 Gevart.
1678 2044 1899 2092 Lucens.
1936 2058 2039 2092 sec.
2079 2050 2135 2092 et
2171 2039 2291 2091 Pat.
2331 2056 2436 2091 rec.

223 2106 345 2154 Var.
369 2107 476 2155 LL.
502 2122 531 2155 e
556 2121 721 2170 marg.
758 2106 937 2156 Parm.
980 2110 1182 2166 surgunt
1221 2106 1303 2154 vel
1337 2112 1535 2167 turgent
1573 2110 1800 2158 Florent.
1840 2110 2034 2157 Moret.
2075 2111 2311 2157 sec.—95
2347 2122 2439 2156 non

224 2170 457 2220 Florent.
482 2173 677 2221 Moret.
700 2187 782 2235 pr.
804 2173 928 2220 sicco
947 2185 1122 2220 omnes
1143 2172 1291 2220 Vatt.
1318 2172 1431 2219 Pal.
1456 2173 1610 2221 Farn.
1635 2174 1775 2223 Pric.
1791 2174 1913 2222 sicca
1933 2174 2097 2223 Oisel.
2114 2174 2244 2236 Reg.
2260 2171 2440 2221 Ambr.

224 2243 347 2284 tert.
371 2237 569 2285 Moret.
594 2252 673 2299 pr.
696 2238 817 2288 Jun.
844 2252 924 2300 pr.
953 2236 1127 2285 Oxou.
1154 2250 1232 2299 pr.
1258 2237 1444 2285 Petav.
1471 2252 1575 2287 sec.
1600 2254 1668 2286 m.
1694 2254 1774 2303 pr.
1799 2240 1884 2303 qui
1911 2246 2084 2288 tamen
2123 2245 2178 2287 et
2203 2244 2332 2286 casto
2356 2252 2443 2291 ex·

222 2301 381 2350 hibet.
405 2318 510 2351 cum
530 2302 653 2350 sicco
677 2304 755 2352 vel
779 2317 862 2351 nec
882 2307 1011 2351 casto
1029 2302 1202 2351 Oxon.
1224 2316 1330 2350 sec.
1353 2307 1481 2350 casto
1503 2305 1703 2353 Bonon.
1724 2306 1947 2366 gramina
1966 2304 2112 2352 Med.
2130 2319 2230 2354 sec.
2252 2304 2440 2353 Petav-

228 2373 349 2416 tert.
362 2368 718 2429 graminaJnn.
741 2382 818 2431 pr.
828 2382 893 2416 m.
910 2381 987 2430 pr.
1001 2368 1193 2415 vulnera
1208 2367 1344 2415 idem
1355 2382 1445 2428 ,m.
1458 2383 1561 2418 sec.
1568 2370 1791 2430 gramina
1803 2371 1886 2418 vel
1899 2370 2204 2418 viminaVat.
2221 2373 2341 2417 tert.
2354 2383 2440 2416 nu-

227 2435 355 2481 mina
380 2433 465 2482 ve'l
495 2432 664 2482 limina
696 2434 928 2482 Florent.
953 2447 1085 2482 succo
1111 2432 1232 2482 Vat.
1267 2447 1370 2481 sec.
1396 2432 1513 2482 Pal.
1540 2435 1683 2496 Rott.
1709 2435 1883 2485 Ursin.
1910 2436 2036 2485 Cod.
2058 2439 2181 2483 costo
2202 2434 2284 2484 vel
2307 2448 2440 2483 succo

224 2499 347 2546 Vat.
373 2506 542 2562 quart.
565 2498 712 2547 Med.
733 2514 812 2562 pr.
828 2498 933 2546 vid.
956 2500 1194 2547 Lactant.
1215 2497 1280 2546 de
1295 2498 1560 2548 Phoenice.
1579 2501 1775 2549 acantho
1790 2508 1897 2550 vet.
1918 2502 2050 2564 Gyr.
2071 2501 2199 2549 Exc.
2220 2501 2452 2549 LucenS..

226 2576 327 2611 sec.
364 2564 609 2612 Heinsius
642 2565 986 2627 ascripserat:
1020 2565 1035 2591 ‘
1062 2564 1311 2611 acanthus
1335 2563 1594 2612 Sidonius’
1634 2565 1766 2614 Stat.
1806 2566 1919 2614 Lib.
1941 2580 2026 2614 111.
2061 2566 2183 2613 Silv.
2211 2565 2442 2622 Hercule

229 2628 462 2678 Surreut.
506 2643 577 2677 νε.
609 2633 690 2678 37.
724 2629 939 2678 salmas.
978 2628 1043 2677 ad
1084 2629 1374 2678 Solin.-96
1401 2636 1658 2692 prorepunt
1697 2639 1917 2694 quatuor
1950 2632 2098 2679 Vatt.
2136 2630 2298 2679 Oisel.
2338 2630 2440 2678 duo

227 2693 372 2741 Med.
398 2694 572 2743 Oxon.
608 2709 688 2757 pr.
729 2694 876 2743 Leid.
901 2708 978 2756 pr.
1019 2694 1148 2742 Exc.
1173 2694 1392 2741 Lucens.
1418 2709 1497 2757 pr.
1536 2694 1659 2744 Ald.
1700 2697 1779 2743 ed.
1804 2695 1978 2746 Vicet.
2007 2699 2283 2758 prore-plant
2310 2695 2439 2743 Exc.

228 2758 355 2808 Cod.
384 2759 571 2808 Rhem.
603 2765 873 2822 proereprmt
898 2759 1080 2807 Ambr.
1106 2773 1187 2821 pr.
1223 2764 1532 2822 prorumpunt
1575 2761 1723 2809 Rott.
1746 2760 1943 2810 Moret.
1971 2776 2074 2809 sec.
2108 2760 2293 2808 PetaV.
2320 2764 2441 2808 tert.
2533 2780 2542 2791 =

226 2824 350 2872 Var.
375 2825 482 2872 LL.
508 2824 592 2873 ed.
617 2823 776 2874 Antv.
797 2829 1086 2886 pras-amant
1110 2824 1341 2872 Florent.
1362 2839 1431 2872 m.
1460 2839 1539 2887 pr.
1559 2826 1833 2887 proesudaat
1859 2826 1982 2874 Vat.
2009 2831 2129 2874 tert.
2155 2825 2271 2874 Pal.
2297 2824 2443 2873 Med.
2532 2840 2534 2843 ’

141 2937 152 2948 ,
230 2903 306 2952 pr.
330 2889 528 2938 Thuau.
568 2890 692 2941 Jun.
730 2904 810 2955 pr.
835 2905 901 2938 m.
928 2904 1008 2953 pr.
1042 2894 1303 2953 prorepunt
1326 2889 1410 2937 vel
1445 2896 1759 2954 prorumpunt
1800 2892 1931 2956 Reg.
1955 2891 2143 2940 PetaV.
2169 2905 2247 2954 pr.
2273 2886 2455 2940 Oxon.'

1235 3036 1447 3087 No'rAE

292 3152 528 3217 Lubrica]
557 3154 761 3204 LImina
784 3155 937 3220 levia,
950 3153 1093 3204 facta
1114 3168 1177 3203 ex
1192 3153 1298 3218 jas-

234 3230 352 3295 pide
393 3232 520 3294 levi,
578 3233 902 3296 politissima.
986 3233 1165 3297 Jaspis
1218 3238 1299 3281 est

235 3323 434 3373 gemma
468 3323 536 3357 ex
577 3323 768 3372 genere
791 3308 1054 3370 viridium,
1093 3307 1185 3357 sed
1221 3316 1299 3357 ta-

233 3401 349 3437 men
370 3385 507 3436 varii
544 3392 666 3436 sunt
685 3386 838 3450 hujus
861 3386 1063 3435 colores
1087 3392 1143 3434 et
1181 3397 1298 3447 spe·

238 3477 356 3514 cies.

294 3543 358 3588 91
398 3538 648 3602 Calcatur]
682 3538 845 3590 Quasi
860 3539 1022 3587 solum
1039 3544 1301 3588 sternatur

239 3614 459 3678 Achate,
479 3628 545 3663 ex
570 3629 670 3681 quo
703 3621 921 3664 stratum
949 3615 1019 3664 sit
1041 3615 1304 3679 pavimen-

241 3699 363 3743 tum.
428 3692 664 3742 Achates
692 3699 771 3741 est
807 3706 1009 3756 gemma
1030 3693 1302 3741 versicolo-

243 3771 379 3821 ribus
394 3773 542 3821 venis
560 3771 635 3820 ita
658 3771 923 3836 distincta,
936 3780 995 3821 ut
1016 3787 1303 3836 nemorum,

243 3845 534 3911 fluviorum,
557 3847 833 3912 montium,
862 3864 1225 3914 nonnunquam
1248 3855 1303 3898 et

244 3940 475 3976 curruum
508 3926 735 3989 speciem
762 3925 974 3981 referat.
1042 3927 1304 3976 Laudatur

248 4012 278 4050 a
308 4001 482 4052 Plinio
506 4002 701 4066 Pyrrhi
724 4004 954 4066 achates,
992 4003 1045 4051 in
1081 4018 1184 4067 quo
1217 4018 1306 4053 no-

247 4093 357 4130 vem
378 4081 549 4130 Musae
573 4086 628 4129 et
651 4079 844 4143 Apollo
868 4079 1263 4144 spectabantur.

307 4161 370 4208 92
405 4156 596 4220 Glebis]
651 4158 785 4207 Haec
829 4164 948 4207 suut
1003 4156 1175 4207 frusta
1216 4165 1307 4207 aut

251 4234 406 4285 thuris
429 4243 520 4285 aut
542 4235 788 4299 myrrhae.

314 4316 374 4363 04
407 4314 604 4364 Matura
623 4310 780 4376 seges]
834 4312 1070 4365 Collecta
1104 4313 1155 4364 ln
1193 4313 1309 4380 ipsa

1379 3157 1702 3220 maturitate,
1724 3163 1778 3207 et
1803 3157 1921 3206 ideo
1945 3154 2269 3221 exquisitior.

1443 3234 1707 3297 Panchaea]
1742 3234 1988 3283 Panchaei
2011 3232 2189 3296 populi
2206 3229 2447 3281 habitant

1378 3311 1588 3361 deserta
1602 3312 1774 3375 Saba‘,
1789 3312 1876 3361 ubi
1896 3313 2013 3361 thus
2031 3311 2302 3375 optimum.
2339 3307 2446 3358 Alii

1378 3391 1562 3454 legunt
1608 3389 1855 3439 Panchaia
1900 3387 1968 3437 ob
2014 3386 2332 3437 Panchaiam
2368 3397 2447 3434 re-

1381 3466 1585 3531 gionem
1609 3465 1820 3515 Arabiae
1846 3465 1997 3515 thure
2022 3471 2075 3514 et
2099 3463 2344 3513 aromatis
2366 3462 2450 3513 di-

1378 3543 1559 3592 vitem.

1443 3623 1506 3668 95
1552 3618 1768 3682 Vimina]
1817 3619 1949 3668 Sunt
1991 3618 2120 3667 rami
2161 3613 2308 3680 lenti,
2359 3615 2449 3682 qui
2531 3660 2534 3663 .

1380 3694 1535 3745 facile
1559 3695 1857 3746 flectuntur.

1451 3773 1614 3836 Casto]
1659 3774 1874 3822 Costum
1906 3778 1986 3822 est
2015 3768 2245 3821 Persidis
2279 3769 2452 3836 arbor,

1383 3865 1502 3914 quae
1528 3857 1845 3913 unguentum
1871 3849 2299 3914 pretiosissimum
2335 3847 2458 3898 fun--

1386 3927 1482 3989 dit,
1500 3928 1552 3976 in
1576 3934 1751 3977 monte
1773 3928 2015 3991 Veneris,
2038 3942 2140 3977 nou
2164 3928 2305 3977 sicco
2328 3939 2454 3974 cau-

1387 4003 1525 4067 dice,
1545 4005 1635 4054 sed
1659 4005 1974 4055 abundante.
2002 4052 2007 4057 .

1452 4085 1518 4131 96
1551 4082 1849 4147 Pir-crepunt]
1885 4083 2003 4132 Non
2043 4081 2269 4131 balsama
2306 4078 2451 4127 lenta

1387 4159 1633 4222 guttatim
1647 4159 2173 4225 prorepunt,stillaut,
2191 4156 2283 4207 sed
2304 4154 2454 4206 uber-

1388 4234 1484 4285 tim
1502 4233 1738 4286 effluunt.
