2925 4928
477 396 611 468 mss

476 562 885 647 Sceptraque
916 556 1175 642 dejecto
1208 553 1489 619 dederat
1517 552 1831 617 Romana
1861 549 2104 616 clienti·

476 664 524 730 J
529 684 639 730 am
668 664 993 745 Princeps
1013 657 1277 725 molitur
1305 658 1452 735 iter,
1487 662 1843 738 gentesque
1871 657 2166 717 remotas

476 756 753 848 Colligit
780 760 1089 841 Aurorae,
1116 761 1409 826 tumidus
1439 776 1902 843 quascumque
1925 754 2223 839 'pei-errat

479 867 875 952 EuphrateS,
907 883 1074 947 quas
1097 864 1335 927 lustrat
1365 860 1612 944 Halys,
1655 854 2026 941 quas'ditat
2052 854 2365 918 Orontes.

477 969 868 1039 Thuriseros
899 965 1161 1030 Arabes
1190 965 1420 1040 saltus,
1449 962 1625 1027 vada
1655 960 1907 1043 Caspia
1940 956 2149 1036 Medi,

475 1070 778 1151 Armenii
807 1069 1078 1146 Phasin,
1111 1067 1341 1130 Parthi
1370 1065 1621 1148 liquere
1640 1061 2015 1153 Niphaten.
2373 1122 2380 1135 ‚

569 1173 741 1254 Quae
771 1171 895 1236 tibi
927 1172 1081 1235 tunc
1111 1168 1350 1233 Martis
1377 1168 1620 1244 rabieS,
1653 1167 2075 1248 quantusque
2106 1158 2432 1244 sequendi

1166 409 1282 459 012.
1327 404 1757 460 mammam
1799 402 1943 455 ›VH-
2035 402 2044 411 “

2600 847 2691 915 70

487 1358 824 1421 occidentales,
845 1363 892 1406 et
912 1357 1179 1406 tradiderat
1223 1354 1479 1418 Imperium
1501 1344 1768 1401 Romanam
1788 1346 1952 1397 clienti
1969 1346 2073 1396 cili.
2104 1346 2220 1394 Jam
2263 1343 2493 1404 Princeps
2528 1338 2701 1390 Theo-

483 1426 655 1474 dosius
677 1423 871 1486 suscipit
908 1423 1052 1484 viam,
1073 1427 1120 1471 et
1144 1424 1401 1482 congregat
1414 1419 1606 1481 populos
1638 1415 1915 1476 longinquos
1939 1411 2173 1473 Orientis,
2194 1424 2306 1472 quos
2345 1410 2568 1471 peragrat
2593 1405 2698 1454 Eu·

478 1490 674 1554 phrates
714 1493 928 1549 turgens,
957 1501 1067 1550 quos
1105 1486 1262 1549 Halys
1295 1483 1453 1545 alluit,
1485 1498 1595 1545 quos
1638 1481 1842 1528 Orontes
1878 1477 2143 1540 locupletat.
2176 1473 2358 1523 Arabes
2393 1473 2700 1533 deseruerunt

481 1555 638 1618 sylvas
653 1552 931 1612 thurifer-as,
956 1551 1091 1600 Medi
1112 1565 1239 1598 mare
1264 1549 1506 1610 Caspium,
1527 1544 1743 1595 Armenii
1767 1542 1969 1604 Phasin,
1991 1538 2166 1589 Parthi
2189 1537 2446 1600 Niphatem
2480 1536 2698 1583 deseru-

482 1625 652 1670 erunt.
719 1618 888 1674 Qualis
912 1617 1001 1664 tibi
1040 1621 1142 1664 tum
1185 1619 1286 1663 erat
1325 1628 1456 1662 amor
1496 1611 1622 1674 belli,
1664 1623 1695 1658 o
1722 1607 1943 1670 Honori,
1977 1605 2127 1669 qualis
2164 1603 2402 1666 cupiditas
2437 1597 2697 1650 comitandi

1406 1733 1763 1755 OOOOOOOOOOOO

483 1829 704 1879 Lucens.
724 1842 830 1878 sec.
856 1829 1027 1891 glossa
1048 1833 1159 1875 erat
1183 1825 1309 1875 exal.
1350 1824 1385 1872 i.
1407 1838 1453 1872 e.
1494 1819 1759 1885 Eugenius
1782 1823 1837 1867 et
1859 1816 2198 1879 Arbogastus.
2232 1827 2338 1862 oras
2359 1809 2502 1861 Med.
2526 1812 2702 1874 quart.

483 1894 682 1957 Μαι-φῖ.
709 1908 813 1943 sec.
844 1894 979 1942 urbes
1001 1894 1082 1941 vel
1122 1893 1260 1939 horas
1282 1889 1453 1939 Oxou.
1481 1888 1715 1934 δρα-67
1755 1883 1968 1932 Fortuna
1990 1881 2265 1929 Pric.—7o
2299 1879 2427 1926 ditat
2447 1874 2629 1939 Ηαῑῃε,
2650 1889 2700 1937 q.

482 1958 656 2007 lustrat
681 1959 744 2006 Ο.
784 1959 911 2009 Jun.
948 1973 1030 2021 pr.
1064 1956 1172 2005 Alis
1208 1955 1510 2003 Vicet.--71
1535 1948 1720 2000 Arabes
1755 1947 1966 2011 plurimi
2004 1944 2173 1994 Codd.
2211 1944 2339 1991 Exc.
2364 1942 2586 1990 Lucens.
2615 1952 2701 2002 pr.

484 2028 541 2072 et
560 2023 687 2072 Var.
736 2023 842 2071 LL.
882 2036 911 2071 e
945 2037 1103 2084 marg.
1140 2021 1315 2069 Parm.
1340 2018 1487 2066 saltus
1503 2014 1684 2065 Arabes
1704 2011 1891 2061 Ambr.
1928 2025 2007 2072 pr.
2043 2009 2218 2058 Oxon.
2252 2021 2353 2055 sec.
2389 2005 2471 2055 ed.
2495 2005 2703 2056 Claver‚

484 2087 663 2139 Elzetr.
700 2086 913 2136 Arabum
945 2087 1119 2134 Vicet.
1144 2081 1532 2142 Parm.Isingr.
1571 2077 1771 2140 Gryph.
1816 2077 1882 2125 al.
1927 2074 2135 2136 Caspida
2158 2073 2419 2121 Low—⁷2
2458 2067 2707 2117 Armeniis

482 2151 605 2201 Pal:
635 2151 782 2201 Med.
801 2167 881 2215 pr.
908 2151 1104 2199 Phasim
1129 2148 1231 2198 duo
1255 2146 1403 2196 Med.
1426 2146 1622 2193 Tlnuan.
1646 2143 1839 2191 Mazar.
1863 2141 1964 2188 inc.
1991 2139 2174 2188 Heius,
2199 2135 2583 2185 Exc.'LucenS.
2612 2147 2698 2196 pr.

487 2215 573 2264 ed.
594 2216 769 2265 Vicet.
805 2215 1053 2278 Niphaten
1092 2215 1192 2262 duo
1234 2214 1358 2260 Vat.
1400 2209 1661 2269 Niphatem
1700 2206 1785 2253 alii
1822 2218 2009 2266 magno
2050 2215 2281 2262 numam,
2318 2200 2449 2248 Exc.
2474 2198 2701 2246 Lucem.

486 2293 569 2342 pr.
594 2286 647 2328 et
666 2280 750 2328 ed.
772 2281 1074 2329 vicen—73
1089 2294 1208 2327 nune
1229 2278 1351 2326 Vat.
1370 2290 1448 2338 pr.
1474 2275 1625 2323 Fam.
1647 2270 1793 2325 Prie.
1815 2270 2011 2318 Thuan.
2031 2283 2137 2316 cum
2154 2267 2279 2314 Var.
2302 2264 2403 2313 LL.
2426 2261 2511 2312 ed.
2533 2260 2711 2310 Antv.

482 2348 588 2394 tum
604 2345 810 2408 plurimi
836 2345 937 2395 alii.
963 2349 1061 2393 tum
1081 2345 1164 2393 vel
1192 2358 1316 2393 nanc
1334 2342 1456 2390 Var.
1482 2340 1587 2393 LL.
1622 2351 1652 2386 e
1670 2350 1834 2399 marg.
1860 2334 2034 2383 Parm.
2076 2335 2349 2394 tantamque
2382 2328 2511 2378 ExC.
2530 2327 2698 2378 Voss.

1492 2469 1707 2524 NOTAE

486 2590 763 2643 barbarum
786 2596 959 2652 vocat,
994 2589 1062 2639 ob
1083 2603 1264 2654 genus,
1282 2594 1338 2638 et
1358 2602 1545 2637 mores-

486 2667 713 2722 Romani
735 2667 993 2717 Barbaros
1019 2668 1139 2716 olim
1164 2666 1421 2717 vocabant
1443 2680 1548 2715 om-

1631 2596 2003 2660 sopotamiam;
2039 2593 2229 2644 dicitur
2248 2590 2401 2640 hodie
2427 2589 2568 2640 Frat.
2597 2654 2601 2658 4

1695 2672 1875 2737 Halys]
1921 2671 2131 2720 Flavius
2186 2684 2253 2717 ex
2300 2668 2468 2716 Tauro
2522 2668 2703 2714 monte

483 2759 578 2794 nes
620 2744 859 2807 populos,
899 2743 1134 2806 exceptis
1179 2742 1399 2791 Graecis.
1453 2742 1549 2791 Ce-

486 2826 654 2870 terum
673 2820 994 2883 Arbogastes
1034 2820 1204 2882 gratia
1228 2819 1389 2867 valuit
1411 2818 1550 2881 apud

484 2895 812 2957 Gratianum,
832 2902 887 2944 et
930 2895 1291 2943 Valentiniano
1313 2894 1553 2943 addictus

486 2970 609 3033 fuit,
651 2972 741 3020 sed
786 2985 886 3019 non
912 2971 1018 3021 diu.
1073 2961 1277 3020 Oderat
1326 2972 1553 3020 Francos

486 3048 706 3114 gentiles
745 3063 893 3098 suos:
928 3048 1108 3097 oderat
1131 3054 1188 3097 et
1221 3046 1553 3097 Sacerdotes·

485 3127 585 3177 Est
608 3132 664 3176 et
685 3125 838 3174 hodie
875 3126 1018 3174 locus
1053 3139 1213 3187 prope
1236 3123 1473 3172 Rhenum
1498 3127 1553 3171 et

485 3199 554 3253 111
586 3200 794 3263 fluvios,
816 3204 901 3267 qui
926 3202 1122 3251 dicitur
1143 3201 1399 3262 Arbegast.

444 3299 447 3302 ·
549 3286 614 3331 67
649 3281 844 3341 Dejecto
865 3279 1053 3341 clienti]
1105 3279 1324 3338 Humili,
1346 3278 1553 3340 ignavo,

483 3360 718 3423 ignobili,
740 3359 975 3421 Eugenio
1015 3354 1381 3415 Grammatico,
1397 3368 1553 3416 quem

484 3434 804 3499 Arbogastes
846 3434 912 3483 ad
955 3433 1239 3496 Imperium
1280 3431 1553 3481 transtule-

484 3521 586 3575 rat,
610 3522 669 3564 ut
691 3514 784 3563 sub
809 3514 920 3577 ejus
942 3511 1127 3560 umbra
1150 3516 1409 3573 regnaret,
1429 3523 1551 3557 mox

485 3590 719 3640 umbram
735 3590 919 3654 ipsam,
943 3604 1059 3638 cum
1083 3593 1280 3652 posset,
1305 3579 1396 3634 aut
1435 3584 1553 3633 sub·

484 3668 706 3730 laturus,
744 3673 835 3716 aut·
857 3667 1106 3715 elusurus.
1175 3667 1338 3715 Porro
1355 3677 1454 3711 non
1479 3662 1553 3711 ita

486 3741 767 3805 despectus
804 3741 905 3790 fuit
926 3741 1207 3803 EugeniuS,
1226 3746 1285 3788 ut
1316 3737 1557 3787 Claudia-

486 3834 583 3868 nus
607 3820 698 3882 ait,
719 3834 835 3868 nam
862 3819 1166 3868 Rhetorices
1187 3824 1242 3866 et
1260 3818 1383 3865 vitae
1406 3816 1555 3866 clari·

484 3896 664 3945 tudine
706 3901 766 3945 ut
809 3897 943 3945 alter
983 3895 1182 3944 Seneca
1220 3892 1415 3943 floruit.
1482 3894 1552 3941 Et

486 3971 607 4021 ideo
627 3971 746 4019 huic
771 3970 1066 4020 diademate
1091 3971 1245 4020 cessit
1291 3970 1549 4033 Arbogas-

489 4052 601 4096 tes:
656 4046 757 4095 nisi
807 4044 941 4094 forte
993 4052 1210 4109 propter
1265 4046 1548 4109 ancipitem

486 4131 732 4174 eventum
755 4124 921 4172 aleam
945 4123 1074 4173 hanc
1111 4121 1282 4172 subire
1304 4122 1556 4172 timuerit.

486 4200 576 4252 De
596 4200 696 4250 hoc
719 4214 889 4263 supra.
1413 4258 1418 4263 .

500 4283 507 4288 '
553 4279 619 4325 70
653 4275 946 4339 Euphrates]
982 4276 1190 4324 Flavius
1228 4279 1447 4325 nascens
1482 4291 1550 4325 ex

486 4350 722 4417 Niphate
737 4358 916 4403 moute
937 4350 1227 4403 Armeniae:
1263 4352 1412 4402 alluit
1433 4352 1551 4403 Me-

1630 2760 1881 2799 nascens:
1917 2746 2099 2810 irrigat
2152 2741 2556 2808 Cappadociam,
2607 2739 2705 2804 Sy-

1633 2827 1783 2886 riam,
1802 2822 2231 2887 Paphlagoniam.

1701 2898 1923 2963 Orontes]
1958 2898 2167 2948 Fluvius
2189 2898 2241 2946 in
2279 2882 2434 2961 Syria'
2468 2907 2534 2943 ex
2562 2893 2706 2942 Stra·

1632 2973 1785 3040 hone,
1834 2974 2051 3025 Καταδὺς
2108 2971 2172 3022 εἷς
2203 2972 2262 3021 τὸ
2313 2969 2487 3033 μεταξὺ
2532 2968 2706 3032 χάσμα

1633 3052 1890 3115 Ἀπαμείας
1927 3051 2005 3101 καὶ
2060 3050 2369 3112 Ἀντιοχείας,
2420 3047 2448 3096 δ
2501 3047 2706 3095 καλοῦσι

1630 3126 1896 3197 Χάρυβδιν,4
1918 3129 2191 3192 ingrediens
2234 3128 2287 3176 in
2340 3126 2519 3175 hiatum
2576 3125 2706 3173 inter

1633 3211 1892 3273 Apameam
1925 3213 1974 3256 et
2004 3204 2327 3264 Antiochiam,
2346 3218 2479 3264 quem
2518 3200 2708 3249 hiatum

1632 3290 1799 3335 vocant
1843 3283 2135 3348 Charybdin.
2203 3280 2289 3329 Sic
2328 3286 2383 3327 et
2413 3277 2557 3327 Anas
2583 3275 2706 3344 His·

1634 3362 1804 3426 paniae
1831 3375 1886 3410 se
1908 3358 2086 3409 condit
2110 3357 2163 3405 in
2187 3356 2424 3404 occultos
2449 3359 2670 3401 meatus.

1699 3443 1760 3487 ⁷1
1795 3436 2002 3498 Arabes]
2067 3431 2259 3497 Populi
2329 3428 2471 3478 Asiae
2497 3433 2511 3492 2
2539 3426 2709 3476 thuris

1633 3519 1889 3577 proventu
1914 3510 2120 3560 divites.

1699 3589 1860 3651 Medi]
1896 3586 2089 3652 Populi
2122 3584 2300 3636 itidem
2341 3582 2504 3646 Asiae,
2537 3594 2708 3645 prope

1634 3682 1775 3716 mare
1801 3665 2068 3729 Caspium,
2092 3664 2264 3727 vulgo,
2289 3655 2396 3711 Mer
2411 3660 2469 3708 de
2492 3651 2711 3720 Baccha,

1633 3758 1693 3792 ou
1710 3745 1769 3791 de
1792 3742 1924 3791 Sala.

1697 3823 1762 3868 72
1796 3818 2002 3883 Phasin]
2038 3817 2143 3867 Hic
2166 3813 2351 3865 fluvius
2386 3817 2465 3862 est
2489 3810 2707 3860 Colcho·

1634 3910 1769 3955 rum,
1789 3894 2035 3944 oriundus
2059 3907 2124 3943 ex
2160 3889 2425 3940 Armenia.
2495 3886 2580 3937 Aa
2612 3888 2707 3938 hu.

1626 3972 1712 4035 jus
1734 3969 1879 4019 fluvii
1917 3971 2278 4034 ripasmagna
2317 3970 2398 4014 est
2419 3962 2710 4013 Phasiano-

1635 4060 1748 4095 rum
1768 4047 1939 4110 copia.

1702 4123 1965 4186 Niphaten]
1995 4120 2256 4188 Niphates
2284 4117 2471 4168 fluvius
2496 4123 2641 4166 ortus
2671 4131 2705 4167 a
2769 4165 2779 4173 ,

1630 4209 1805 4249 monte
1830 4197 2154 4262 cognomine,
2176 4196 2322 4245 alluit
2344 4195 2587 4244 Parthos.

1651 4277 1654 4282 “
1694 4279 1757 4323 73
1795 4276 1915 4330 Qaoe
1939 4272 2122 4321 Martis
2142 4270 2322 4332 rabies]
2374 4269 2547 4319 Quam
2570 4282 2703 4332 proe·

1627 4368 1755 4419 ceps
1777 4366 1938 4412 amor,
1976 4355 2035 4399 et
2070 4347 2218 4415 quasi
2239 4345 2419 4397 rabida
2458 4343 2586 4396 belli
2608 4351 2698 4395 eu-
