2925 4928
450 428 578 498 580
1150 444 1273 494 οι..
1317 443 1745 494 cunnum
1797 445 1971 496 xm,

454 593 587 659 Sed
617 612 852 678 pacem
881 589 1094 658 foedat
1119 592 1326 657 vitiis,
1416 590 1558 662 Hic
1590 592 1863 676 publica
1887 592 2074 670 felix,

454 697 592 761 Sed
623 698 886 781 privata
911 697 1156 760 minus.
1243 694 1575 760 Partitum
1603 697 1860 778 singula
1889 713 2219 778 quemque
2517 711 2530 724 ·
2575 696 2661 764 30

453 801 842 866 Nobilitant
871 820 888 864 ε
933 798 1107 863 hunc
1137 799 1352 864 forma
1377 799 1649 876 decens,
1680 799 1850 864 hunc
1878 799 2078 863 robur
2104 798 2172 862 in
2200 798 2444 864 armis:-

455 901 660 966 Hunc
689 902 884 984 rigor,
916 900 1091 966 hunc
1122 902 1379 985 pietas:
1426 903 1612 967 illum
1645 902 1915 966 solertia
1936 899 2156 984 juris:

451 1005 660 1069 ,Hunc
693 1005 959 1069 soboles
988 1005 1291 1088 castique
1322 1005 1476 1071 tori.
1568 1005 1976 1088 Spar-guntur
2002 1004 2072 1066 in
2098 1022 2352 1082 omnes,

451 1105 533 1176 In
565 1112 632 1171 te
662 1106 876 1170 mixta
904 1107 1160 1170 fluunt:
1207 1113 1295 1184 et,
1324 1126 1483 1190 quae
1514 1106 1738 1174 divisa
1768 1106 2007 1170 beatos

451 1207 787 1286 Efficiunt,
820 1208 1103 1272 collecta
1130 1213 1334 1273 tenes,
1426 1207 1608 1288 Quid
1635 1207 1815 1274 facta
1835 1208 2186 1273 revolvam
2563 1207 2664 1276 *36

450 1310 913 1395 Militiamque
941 1310 1200 1394 patris?
1247 1312 1445 1396 cujus
1477 1311 1842 1394 producere
1874 1310 2145 1389 famam,
2629 1323 2632 1324 ’

449 1415 526 1479 Si
553 1414 714 1478 nihil
741 1416 983 1497 egisset
1011 1415 1288 1493 clarum,
1314 1434 1437 1479 nec
1468 1415 1605 1479 fida
1630 1414 1908 1480 Valenti

449 1517 752 1583 Dextera
780 1518 1091 1582 duxisset
1114 1518 1460 1583 rutilantes
1492 1518 1785 1584 crinibus
1815 1518 1989 1596 alaS,

449 1619 794 1685 Sufficeret
821 1625 1017 1684 natus
1046 1619 1394 1685 Stilichon.
1487 1619 1685 1684 Mens
1710 1619 1915 1684 ardua
1936 1640 2198 1705 semper

446 1756 588 1806 catis.
654 1754 1047 1814 Hicfortunutus
1083 1755 1253 1820 quoad
1290 1755 1497 1820 publiea,
1531 1759 1614 1807 sed
1647 1758 1804 1806 minus
1840 1756 2139 1806 fortunatus
2159 1761 2243 1807 est
2264 1755 2434 1821 quoad
2453 1756 2664 1820 privata.

447 1821 607 1871 Dotes
625 1820 830 1883 sing-take
850 1826 1079 1874 exornant
1108 1837 1490 1885 unumquemque,
1528 1822 1620 1871 sed
1653 1823 1837 1871 dioisae.
1907 1822 2052 1870 Hunc
2087 1821 2264 1886 species
2293 1823 2460 1871 decora
2492 1831 2663 1886 ornat,

446 1885 581 1935 ianm
606 1885 848 1945 fortitudo
877 1885 929 1934 in
960 1877 1109 1936 bello:
1155 1887 1275 1935 hunc
1307 1889 1544 1950 gravitas,
1579 1888 1714 1936 illum
1747 1889 1932 1949 pietas:
1977 1888 2110 1936 illum
2144 1887 2342 1936 scientio
2365 1886 2519 1947 juris,
2539 1887 2661 1937 hunc

431 1950 541 2015 filii
578 1956 625 1999 et
648 1951 883 2000 thalamus
899 1951 1127 2015 pudicus.-
1175 1961 1481 2001 ornamenta
1519 1953 1688 2001 omnia
1719 1951 2055 2016 diffunduntur
2075 1953 2125 2000 in
2146 1966 2303 2001 omnes
2341 1952 2496 2010 alio„
2528 1953 2660 2016 qfflu-

445 2021 533 2064 unt
554 2017 743 2064 collecta
763 2017 813 2065 ιἰι
836 2022 920 2073 te:
940 2021 988 2066 et
1004 2017 1214 2080 possides
1234 2018 1497 2079 conjuncta,
1520 2033 1622 2081 (μω
1640 2018 1851 2080 dispersa
1872 2018 2074 2065 reddunt
2096 2022 2272 2066 ceteros
2281 2016 2469 2076 felices.
2509 2018 2663 2072 Quor·

444 2093 547 2127 sum
568 2095 774 2130 revocem
783 2080 925 2141 facta
945 2087 993 2130 et
1029 2082 1148 2130 bella
1176 2082 1335 2144 patris
1370 2082 1471 2144 tui,
1504 2083 1632 2143 cnjus
1653 2081 1965 2147 nomenfitius
1988 2081 2187 2130 Stilicho
2208 2087 2363 2144 posset
2380 2085 2666 2145 propagare,

445 2144 632 2194 etiamsi
650 2153 800 2208 pater
821 2146 942 2195 nihil
963 2146 1161 2207 jecisset
1180 2147 1388 2208 illustre,
1410 2162 1557 2210 neque
1577 2147 1679 2208 ejus
1696 2147 2066 2208 magnanimitas
2081 2147 2250 2212 fidelis
2276 2147 2466 2197 Valenti
2488 2146 2663 2209 Impe-

443 2210 607 2258 ratori
642 2208 917 2272 prefuisset
952 2211 1157 2260 catervis
1189 2211 1531 2262 barbarorum
1573 2211 1876 2262 habentium
1913 2211 2142 2262 micantes
2179 2212 2389 2276 capillos.
2454 2211 2664 2263 Animus

1371 2330 1459 2350 ‘O‘
1466 2330 1731 2351 OO‘OON‘O

445 2412 570 2466 Put.
593 2413 729 2479 Reg.
749 2415 949 2466 Mazar.
987 2416 1189 2466 Bonon.
1213 2415 1338 2468 Pat.
1357 2417 1568 2468 Tholos.
1608 2417 1711 2468 duo
1734 2415 1914 2469 Ambr.
1938 2424 2044 2481 tres
2067 2407 2256 2468 Petav.
2279 2415 2412 2467 Exc.
2439 2416 2661 2468 Lucens.

445 2495 528 2544 pr.
565 2481 648 2530 ed.
673 2482 847 2531 Parin.
880 2488 934 2531 et
960 2483 1133 2532 Vicet.
1165 2483 1218 2532 in
1239 2483 1429 2546 publica
1450 2483 1572 2533 Vat.
1594 2498 1672 2546 pr.
1698 2490 1755 2533 et
1796 2490 1917 2534 tert.
1941 2484 2084 2533 Prie.
2109 2499 2177 2532 m.
2203 2497 2306 2532 sec.
2325 2483 2473 2531 Rott.
2495 2482 2661 2532 Oisel.

443 2545 568 2596 Jun.
595 2560 676 2609 pr.
698 2545 881 2595 Ambr.
905 2561 1010 2601 sec.
1031 2547 1159 2597 Lov.
1190 2548 1386 2598 Moret.
1417 2563 1523 2598 sec.
1558 2550 1685 2598 Exc.
1727 2550 1946 2598 Gevart.
1985 2544 2107 2598 var.
2141 2549 2243 2598 LL.
2270 2547 2353 2597 ed.
2378 2546 2544 2597 Antv.
2600 2563 2663 2597 aa

439 2611 633 2676 publica
670 2611 786 2660 Pal.
830 2610 973 2661 Med.
1012 2616 1224 2675 lin—30
1255 2612 1337 2663 Aa
1354 2613 1550 2676 privata
1591 2613 1794 2663 Tholas.
1831 2613 1969 2663 unde
2021 2612 2091 2662 At
2130 2612 2356 2662 faciebat
2396 2611 2661 2662 Heinsius.

444 2675 541 2724 Sed
558 2676 640 2725 vel
664 2676 744 2724 Ad
766 2677 950 2727 Petav.
976 2683 1097 2727 tert.
1151 2692 1317 2727 manus
1351 2679 1473 2727 Pat.
1520 2681 1685 2727 domus
1711 2679 1840 2728 Exc.
1881 2679 2036 2740 Laeti,
2075 2679 2156 2727 ed.
2190 2678 2362 2726 Parm.
2388 2683 2443 2726 et
2485 2678 2660 2727 vicet.

507 2741 656 2789 rtitur
679 2740 821 2792 Med.
843 2748 1017 2806 quart.
1062 2743 1250 2806 partita
1268 2742 1389 2792 Vnt.
1423 2757 1505 2806 pr.
1535 2745 1717 2792 Petav.
1737 2759 1815 2806 pr.
1840 2759 1907 2793 m.
1931 2758 2035 2792 sec.
2057 2741 2234 2791 Ambr.
2258 2757 2334 2806 pr.
2358 2741 2443 2790 ed.
2483 2743 2666 2793 vicet.

494 2821 566 2855 ar.
588 2805 697 2855 LL.
720 2821 749 2854 e
773 2821 933 2870 marg.
972 2806 1146 2857 Parm.
1191 2809 1408 2871 partitur
1443 2808 1525 2856 vel
1560 2808 1749 2871 partita
1783 2810 1936 2857 Fam.
1976 2809 2104 2857 Exc.
2142 2808 2297 2856 Laeti.
2337 2808 2557 2870 partitur
2579 2807 2661 2855 vel

434 2869 677 2934 partitum
739 2866 908 2921 Oxou.
961 2885 1067 2920 sec.
1118 2873 1339 2935 partitiva
1373 2873 1507 2922 Lov,
1553 2887 1618 2922 ex
1672 2873 1998 2936 conjectura,
2054 2878 2210 2936 atque
2271 2872 2347 2920 ita
2392 2872 2660 2923 Heinsius.

438 2950 631 2998 quoeque
677 2936 800 2999 Reg.
842 2951 1064 3000 quemque
1096 2938 1179 2985 vel
1223 2952 1414 3001 quaeque
1459 2937 1630 2986 Oxou.
1673 2942 1878 3001 piu—31
1933 2936 2204 2987 Nobilitas
2247 2938 2537 2987 Fara—32
2590 2937 2660 2986 υἰ-

434 3014 529 3061 gor
560 3000 705 3048 Med.
749 3015 850 3050 sec.
902 3001 1075 3050 solatia
1114 3002 1256 3051 Med.
1299 3006 1602 3067 quarn—3³
1625 3003 1804 3052 suboles
1846 3002 2143 3053 maen—34
2174 3002 2329 3051 diuisa
2371 3002 2477 3051 duo
2512 3003 2659 3052 Vatt.

443 3064 601 3114 Farn.
633 3064 818 3112 diversa
840 3065 1214 3127 septemdecim
1240 3067 1324 3115 alii
1344 3073 1401 3118 et
1430 3062 1554 3117 Var.
1577 3069 1679 3117 LL.
1704 3068 1786 3118 ed.
1810 3066 1968 3117 Antv.
1997 3068 2184 3115 diverso
2207 3067 2288 3114 vel
2309 3066 2467 3116 divisa
2487 3067 2660 3117 Oxou.

440 3133 652 3193 pia—35
687 3130 854 3177 conata
876 3130 976 3178 duo
999 3131 1143 3179 Vatt.
1176 3132 1368 3180 collecta
1393 3131 1476 3179 vel
1496 3133 1666 3181 collata
1699 3133 1883 3182 Petav.
1907 3147 1986 3195 ρι·.
2037 3147 2127 3181 neu
2148 3131 2288 3191 facta
2316 3130 2462 3180 Med.
2487 3139 2660 3197 quart.

438 3207 527 3242 nec
545 3195 668 3242 Vat.
690 3206 794 3242 sec.
816 3195 970 3243 Farn.
993 3195 1138 3244 Med.
1161 3201 1282 3244 tert.
1306 3196 1433 3245 [ιον.
1456 3196 1568 3245 iuc.'
1584 3197 1766 3246 Heius,
1791 3197 1895 3245 duo
1921 3196 2099 3246 Ambr.
2126 3196 2208 3245 ed.
2233 3197 2407 3245 Vicet.
2442 3212 2504 3245 ne
2527 3198 2656 3245 Exc.

443 3259 665 3308 Lucens.
705 3272 784 3321 pr.
836 3274 920 3308 nec
959 3261 1042 3308 vel
1079 3261 1203 3323 quid·
1234 3262 1364 3324 Reg.
1401 3260 1573 3311 Oxou.
1616 3276 1695 3324 pr.
1733 3261 1849 3322 fata
1871 3262 1985 3310 Pal.
2008 3263 2163 3310 Far-n.
2188 3261 2330 3309 Med.
2354 3276 2435 3322 pr.
2458 3262 2658 3312 Thuan.

438 3325 572 3373 Exc.
592 3323 946 3383 Gemit—{6
977 3327 1222 3387 procedere
1240 3326 1365 3375 Put.
1389 3326 1586 3376 Mor-et.
1610 3341 1713 3375 sec.
1747 3329 2024 3390 protendere
2044 3328 2195 3375 Farn.
2216 3325 2301 3375 ed.
2322 3327 2494 3375 Vicet.
2527 3327 2658 3375 Exc.

438 3388 592 3439 Loeti.
618 3390 873 3450 producere
896 3389 1041 3438 Leid.
1062 3405 1140 3452 pr.
1163 3397 1219 3440 et
1240 3391 1425 3454 viginti
1448 3390 1552 3441 duo
1576 3390 1742 3441 codd.
1766 3392 1896 3440 Exc.
1921 3391 2137 3440 Gevart.
2161 3392 2378 3440 Lucens.
2403 3405 2507 3440 sec.
2532 3392 2660 3442 Var.

438 3453 545 3504 LL.
567 3454 649 3503 ed.
672 3452 831 3503 AntV.
861 3457 1107 3517 procedere
1131 3458 1210 3505 vel
1227 3460 1484 3518 producere
1504 3455 1684 3505 Ambr.
1705 3470 1783 3519 pr.
1802 3454 1989 3514 famam
2006 3457 2133 3504 Exc.
2154 3456 2304 3504 Laeti.
2339 3470 2492 3503 mores
2515 3455 2658 3506 Prie.

437 3522 567 3568 —37
602 3521 764 3568 educet
788 3520 979 3569 Mor-et.
1013 3534 1091 3583 pr.
1143 3521 1317 3584 nefida
1339 3521 1471 3585 Reg.
1505 3521 1613 3585 fine
1635 3521 1764 3569 Exc.
1791 3521 2005 3570 Gevart.
2024 3520 2131 3586 fide
2153 3521 2346 3570 Moret.
2369 3534 2449 3583 pr.
2484 3520 2659 3570 volenti

438 3583 567 3645 Exe.
610 3584 835 3634 Lucens.
867 3600 973 3636 see.
1012 3583 1098 3634 ed.
1130 3585 1305 3637 Vicet.
1362 3587 1575 3637 Valencii
1613 3584 1759 3635 Med.
1801 3589 2010 3649 pr.-89
2042 3585 2173 3634 natis
2194 3584 2315 3634 Pat.
2340 3584 2515 3634 Stilico
2536 3585 2658 3635 Vat.

1433 3691 1482 3740 N
1489 3689 1650 3739 OTAE

501 3791 569 3837 29
601 3788 796 3852 Foedut]
842 3788 1074 3838 Plinius:
1126 3789 1143 3818 ‘
1166 3788 1370 3839 Enituit
1408 3788 1502 3838 ali·
1584 3788 1829 3851 auspiciis
1860 3789 2023 3839 Pater
2043 3789 2344 3839 Stilichonis
2369 3787 2656 3854 praefuerat

436 3865 550 3931 quis
574 3866 623 3913 iu
651 3866 804 3927 bello,
826 3867 916 3915 sed
937 3866 1194 3917 obsolevit
1214 3866 1266 3916 in
1286 3866 1450 3931 pace?
1583 3861 1732 3913 flavis
1766 3873 1822 3913 et
1852 3866 2184 3916 rutilantibus
2216 3868 2400 3916 turmis
2436 3868 2656 3917 Germa-

500 3940 667 4004 Felix]
716 3941 802 3990 Sic
821 3940 1089 4005 Augustus
1112 3943 1166 3991 in
1190 3943 1393 4006 Repub.
1414 3940 1503 3990 ad·
1581 3957 1782 4003 norum,
1797 3950 1888 3994 aut
1926 3944 2156 4007 gentium
2182 3944 2396 3994 aliarum
2418 3945 2654 4010 Septem-

432 4014 775 4065 mi'nistrauda
811 4015 1159 4086 felicissimus,
1201 4018 1254 4067 in
1295 4018 1502 4081 privata
1579 4020 1895 4069 triouaiium.
2059 4060 2060 4065 ,
2635 4044 2640 4051 ·

433 4090 1049 4167 familiainfelieissimus.
1649 4101 1714 4145 39
1748 4098 1890 4146 Mens
1931 4097 2104 4160 arduo]
2163 4096 2406 4158 AnimuS,
2442 4096 2654 4160 spiritus

442 4197 449 4203 -
500 4171 563 4216 88
598 4167 685 4216 Hu
784 4168 960 4236 soboles
999 4169 1206 4232 castique
1247 4169 1367 4233 tori]
1422 4171 1500 4219 Ut
1580 4173 1831 4236 excelsus,
1851 4181 1908 4225 et
1928 4175 2036 4224 alta
2057 4173 2295 4239 quaedam
2319 4179 2377 4223 et
2401 4186 2655 4238 generosa

434 4244 643 4295 Caesare
722 4244 884 4293 Germ
932 4242 1108 4296 icum.
1581 4248 1804 4300 indoles.

500 4324 561 4370 37
604 4310 821 4384 Valenti]
934 4321 1199 4387 peratori:
1231 4323 1325 4373 sub
1347 4323 1498 4387 cujus
