2925 4928
506 437 638 503 490
1153 463 1268 512 cr„
1303 465 1742 519 cmunmm
1790 471 2020 524 xvnr.

504 614 792 697 Nomen,
822 626 889 685 et
911 621 1217 688 insanum
1248 628 1505 708 gemino
1533 634 1907 714 proclamat
1934 637 2018 700 ab
2050 630 2195 716 ore,

501 721 1020 808 Eunuchumque
1061 732 1239 793 vetat
1277 728 1469 795 fastis
1511 737 1831 801 accedere
1869 738 1915 802 J
1920 753 2110 806 anus.
2529 808 2539 817 .

500 824 803 891 Sumeret
833 828 1110 893 illicitos
1144 835 1388 896 etenim
1415 836 1472 900 si
1504 837 1784 917 foemina
1813 842 2066 923 fasces,
2438 858 2459 877 ·
2574 844 2711 914 320

497 925 700 992 Esset
725 935 923 1012 turpe
955 933 1195 997 minus.
1288 936 1511 1002 Medis
1541 922 1938 1028 levibusque
1971 946 2235 1013 Sabaeis
2502 960 2505 963 ’

499 1028 792 1113 Imperat
820 1034 927 1098 hic
961 1054 1189 1115 sexus,
1219 1041 1722 1128 reginarumque
1753 1050 1878 1112 sub
1916 1052 2116 1115 annis

496 1131 840 1200 Barbariae
871 1156 1031 1219 pars
1061 1159 1307 1224 magna
1325 1144 1534 1227 jacet.
1625 1149 1811 1214 Gens
1840 1154 2022 1217 nulla
2051 1134 2397 1237 probatur,

496 1233 800 1301 Eunuchi
830 1260 979 1322 quae
1010 1249 1273 1327 sceptra
1302 1245 1486 1312 ferat.
1578 1250 1897 1331 Tritonia,
1933 1254 2213 1336 Phoebe,

493 1335 730 1415 Vesta,
761 1339 982 1419 CereS‚
1018 1341 1292 1427 Cybele,
1325 1348 1371 1412 J
1377 1369 1531 1429 uno,
1564 1352 1820 1421 Latona
1848 1358 2202 1424 coluntur:
2264 1412 2271 1419 .
2576 1359 2710 1428 325

492 1438 799 1506 Eunuchi
830 1465 979 1528 quae
1011 1449 1260 1532 templa
1289 1450 1446 1529 Dei,
1482 1473 1650 1537 quas
1681 1457 1972 1523 vidimus
2006 1465 2205 1526 aras‘l

491 1538 663 1608 Inde
693 1548 1114 1615 sacerdotes:
1159 1551 1307 1618 haec
1334 1555 1539 1622 intrat
1564 1565 1834 1641 pectora
1858 1561 2161 1629 Phoebus
2187 1587 2203 1630 z

490 1643 658 1709 Inde
690 1653 1233 1738 canunt‘Delphi.
1325 1658 1683 1746 Trojanam
1713 1666 1861 1730 sola
1895 1666 2265 1734 Minervam

486 1747 850 1833 Virginitas
876 1755 1178 1822 Vestalis
1208 1761 1371 1839 adit,
1402 1764 1843 1852 flammasque
1877 1775 2117 1839 tuetur.

484 1932 773 1994 vociferatur
794 1953 874 1987 ore
897 1938 1073 2003 duplici
1091 1942 1373 1995 horrendum
1396 1961 1532 2012 esse,
1564 1966 1620 1998 ac
1638 1952 1853 2015 prohibet
1877 1955 2134 2003 eunuchum
2162 1955 2408 2003 admovere
2453 1968 2511 2004 se
2535 1952 2702 2032 fastis.

485 1999 614 2047 Nam
632 2001 674 2048 si
698 2004 864 2051 mulier
884 2013 1131 2069 usurparet
1156 2009 1318 2069 fasces
1339 2014 1526 2076 vetitos,
1551 2018 1706 2065 minus
1719 2019 1981 2080 pudendum
1991 2018 2142 2078 foret.
2209 2020 2309 2069 Hic
2329 2034 2473 2068 sexus
2494 2021 2706 2070 domana-

482 2066 563 2112 ίαν
585 2066 747 2116 Medis
784 2073 831 2117 et
854 2069 1037 2119 Saboeis
1057 2074 1295 2136 celedon-s,
1322 2082 1370 2125 et
1392 2094 1506 2141 pars
1527 2097 1700 2143 magna
1722 2083 1977 2136 Barbaria?
2007 2084 2209 2146 subjecta
2230 2090 2300 2133 est
2322 2085 2469 2132 armis
2490 2085 2704 2148 Regina-

481 2143 602 2178 rum.
671 2132 846 2182 Nullus
880 2138 1077 2198 populus
1110 2147 1410 2204 memoratur,
1432 2145 1515 2206 qui
1548 2147 1766 2209 patiatur
1790 2150 2036 2211 imperium
2057 2149 2270 2199 eunuchi.
2342 2150 2523 2224 Pallas,
2543 2151 2702 2214 Luna,

488 2193 641 2257 Vesta,
668 2197 825 2261 Ceres,
851 2200 1038 2263 Cybele,
1061 2203 1247 2254 Latona
1270 2209 1548 2260 adorantur.
1621 2212 1742 2267 Quoe
1774 2214 1964 2262 delubra
1995 2220 2103 2263 sunt
2140 2215 2237 2264 Dei
2273 2215 2470 2290 eunucha
2484 2212 2509 2264 ?
2571 2214 2700 2292 ‘Qua-

480 2262 806 2321 conspeximus
826 2265 1040 2318 altaria?
1108 2269 1223 2319 Inde
1243 2276 1532 2324 sacerdotes.-
1565 2276 1734 2340 Apollo
1754 2277 2025 2341 ingreditur
2059 2279 2158 2328 hoec
2178 2281 2319 2329 corda
2337 2299 2354 2329 .·
2385 2282 2496 2328 ande
2520 2278 2700 2357 Delplfz

479 2323 812 2378 vaticinantur.
887 2331 993 2380 Una
1015 2335 1273 2395 virginitas
1302 2338 1505 2389 Vestalis
1536 2343 1716 2392 accedit
1737 2343 1804 2392 ad
1830 2345 2101 2395 Minervam
2126 2345 2395 2407 Trojanam,
2417 2350 2464 2393 et
2486 2349 2695 2401 custodat

1402 2463 1727 2488 OOOOOOOOOOO
1731 2468 1761 2486 Ο

478 2536 751 2581 rem—318
788 2536 970 2587 Nomen
990 2541 1073 2589 vel
1092 2542 1242 2593 Omen
1260 2546 1389 2597 Exc.
1407 2547 1561 2597 Laeti.
1610 2554 1665 2598 ut
1684 2550 1898 2601 insanum
1921 2550 2064 2601 Med.
2102 2557 2218 2601 tert.
2267 2551 2430 2601 insano
2450 2551 2694 2618 geminum

476 2595 603 2645 Exc.
629 2597 758 2649 Cod.
782 2602 959 2652 Rhem.
1016 2606 1124 2655 orbe
1146 2609 1264 2658 Vat.
1287 2626 1377 2674 pr..
1411 2613 1576 2663 Oisel.
1617 2616 1848 2668 Floreat.
1903 2617 2013 2667 orbe
2051 2618 2133 2666 vel
2156 2632 2236 2665 ore
2259 2619 2381 2693 Vat.
2407 2623 2531 2692 tert.
2561 2618 2691 2679 Reg.

477 2661 645 2711 Oxon.
666 2670 906 2725 pr.—3l9
926 2668 1056 2727 fatis
1075 2673 1217 2723 Med.
1243 2681 1364 2726 tert.
1413 2679 1571 2728 tristis
1591 2681 1744 2731 Farn.
1787 2683 1943 2742 fastis
1988 2683 2204 2731 accedere
2228 2681 2380 2758 fustes
2412 2681 2560 2731 Leld.
2591 2696 2691 2730 sec·

475 2726 628 2775 Janus
648 2733 864 2780 accedere
881 2733 1035 2794 saetis
1057 2738 1177 2787 Vat.
1205 2741 1370 2790 Livin.
1397 2742 1516 2792 Ald.
1574 2746 1726 2795 tantis
1743 2763 1838 2797 acc.
1851 2747 2002 2807 fastis
2025 2747 2154 2811 Reg.
2205 2751 2355 2795 tantas
2399 2760 2494 2809 pro
2539 2747 2693 2795 Jamoe

473 2790 615 2840 Prie.
640 2794 783 2843 Med.
805 2803 927 2847 tert.
944 2800 1141 2853 Bonon.
1164 2804 1371 2855 Tholos.
1391 2807 1560 2858 Oxou.
1583 2823 1684 2860 sec.
1716 2813 1873 2862 «Ianus
1897 2814 1975 2860 vel
1996 2814 2147 2861 tantis
2164 2812 2304 2886 Leid.
2324 2828 2400 2875 pr.
2422 2809 2595 2860 Oxou.
2612 2825 2688 2879 pr.

472 2859 636 2905 .—320
670 2859 876 2910 miricas
896 2864 928 2913 J
936 2879 1019 2914 un.
1043 2882 1122 2928 pr.
1158 2868 1326 2928 fastus
1342 2872 1520 2923 Ambr.
1539 2880 1810 2926 sem-321
1868 2879 2010 2926 Esset
2032 2881 2172 2940 turpe
2195 2892 2347 2925 minus
2384 2877 2581 2926 Moret.
2618 2890 2690 2939 pr.

473 2920 602 2970 Exc.
649 2923 864 2976 Gevart.
918 2931 1085 2978 mediis
1124 2932 1241 2983 Ald.
1297 2938 1559 3001 levibusque
1595 2940 1972 2992 TholoS.—-323
2027 2942 2255 3005 probatur
2292 2942 2392 3017 duo
2432 2942 2690 2991 Mutet.-

472 2988 569 3033 324
601 3002 748 3048 regna
765 2991 958 3041 Thuan.
1005 3001 1148 3055 gerat
1170 2996 1349 3049 Ambr.
1378 3008 1644 3054 sem—325
1687 3006 1829 3056 Vesta
1865 3007 2109 3068 Med..pr.
2149 3009 2251 3054 inc.
2278 3006 2687 3082 H⁰J¹¹⁸·..M²!²³¹'·

473 3047 577 3098 duo
602 3052 784 3103 Petav.
804 3057 932 3106 Exc.
956 3059 1171 3111 Lucens,
1197 3079 1273 3125 pr.
1297 3067 1380 3114 ed.
1409 3069 1581 3118 Vicet.
1637 3069 1781 3120 Terra
1805 3072 1906 3120 duo
1933 3072 2083 3121 Leid.
2118 3077 2172 3120 et
2192 3072 2375 3134 viginti
2413 3072 2522 3132 alu,
2562 3080 2688 3121 rtem

471 3114 602 3164 Exc.
628 3116 841 3168 Gevart.
903 3123 1051 3173 Terra
1072 3129 1150 3175 vel
1185 3129 1325 3179 Vesta
1346 3134 1470 3182 Vat.
1497 3148 1576 3196 pr.
1602 3135 1766 3185 Oisel.
1792 3138 1917 3187 Lov.
1979 3137 2134 3186 Tellus
2165 3151 2259 3199 pro
2295 3138 2427 3184 wa
2464 3136 2597 3185 LOV·
2616 3152 2687 3185 ¹1¹·

469 3186 713 3241 pia—326
747 3186 990 3236 Eunuchis
1007 3205 1055 3252 q.
1080 3196 1117 3239 t.
1142 3194 1261 3243 Deis
1279 3197 1400 3245 Vat.
1424 3198 1755 3262 quint.—327
1790 3202 1943 3252 intrat
1968 3202 2069 3251 hoec
2091 3202 2244 3250 Farn.
2302 3203 2450 3250 intret
2492 3201 2686 3252 Petav-

470 3251 593 3306 tert.
645 3248 885 3315 intratque
926 3254 1027 3303 laec
1072 3257 1201 3309 Exc.
1240 3260 1458 3313 Gevart.
1518 3265 1617 3313 haec
1651 3267 1782 3314 inter
1821 3268 1992 3317 Oxon.
2031 3270 2304 3316 sem—329
2336 3266 2477 3316 habet
2497 3266 2686 3317 Alci.—

1459 3411 1678 3463 No'rAE

464 3517 689 3581 sulibns;
730 3523 922 3574 sedhic
957 3542 1120 3577 annus
1142 3530 1341 3580 horruit
1375 3535 1535 3583 uomi-
1679 3538 1923 3601 Tritonia]
1989 3539 2166 3589 Pallas
2208 3553 2239 3588 a
2277 3539 2472 3603 palude
2503 3540 2686 3591 Trito*

463 3593 575 3642 nari
613 3596 679 3643 ab
722 3599 972 3663 Eutropio
994 3619 1009 3663 3
1043 3613 1101 3653 et
1128 3605 1292 3656 Janus
1326 3608 1530 3660 bifrons
1610 3612 1731 3663 nide
1756 3615 1809 3664 in
1833 3614 2032 3676 Africa,
2054 3616 2142 3664 ubi
2167 3622 2294 3664 nata
2317 3616 2534 3667 dicitnr.

462 3686 555 3720 ore
578 3673 774 3739 duplici
816 3679 1058 3729 clamavit
1092 3696 1201 3732 rem
1243 3699 1357 3735 esse
1397 3689 1562 3737 insa-'
1678 3694 1773 3740 327
1832 3692 1950 3741 Inde
1987 3692 2270 3756 sacerdotes]
2337 3694 2417 3741 Ex
2458 3692 2683 3752 foeminis

461 3763 599 3813 nam,
623 3752 895 3813 insuetam,
929 3756 1252 3820 horrendam,
1289 3762 1343 3810 si'
1370 3779 1528 3813 eunu-
1608 3767 1873 3830 eliguntur
1893 3769 2214 3830 sacerdoteS,
2231 3785 2445 3834 quarum
2467 3777 2683 3833 pectora

460 3826 583 3875 chus
610 3826 773 3879 fastos
807 3832 1044 3895 intraret,
1080 3837 1176 3885 hoc
1217 3846 1317 3903 est,
1334 3841 1525 3890 Consul
1610 3845 1834 3892 Phoebus
1879 3844 2040 3907 afflat,
2083 3855 2137 3895 et
2177 3862 2291 3910 quae
2327 3847 2681 3897 vaticinantur

459 3911 629 3953 esset:
668 3907 718 3955 id
757 3911 890 3971 quod
915 3910 1072 3961 fiebat
1098 3915 1339 3966 Calendis
1358 3918 1524 3969 Janu-
1605 3921 1819 3985 Delphis
1843 3922 1908 3970 ad
1929 3923 2156 3971 radicem
2182 3923 2450 3972 Parnassi.

462 3979 598 4028 &riis-
1668 4003 1765 4048 328
1801 4000 2051 4060 Trojanam
2085 3999 2376 4062 Minervam]
2432 4002 2545 4049 ‘Vel
2580 4016 2674 4065 *po-

520 4059 614 4104 321
656 4059 830 4118 Medis,
852 4058 1059 4124 Sabaeis]
1123 4065 1266 4115 'Asiae
1297 4071 1520 4132 populis.
1603 4075 1705 4123 tius
1763 4077 2080 4137 Palladium,
2163 4091 2254 4125 seu
2336 4078 2663 4126 simulacrum

517 4136 614 4181 324
680 4134 901 4199 Sceptra]
967 4138 1279 4191 Aristoteles
1343 4153 1517 4195 tamen
1600 4152 1841 4217 Trojanae
1900 4153 2172 4213 Minervae,
2228 4152 2366 4217 qnod
2420 4154 2681 4203 Vestales,

454 4210 590 4273 apud
615 4210 895 4260 Lucianum
914 4216 1109 4278 Regem
1134 4223 1418 4272 eunuchum
1440 4225 1516 4275 ita
1598 4228 1720 4276 solae
1745 4243 1931 4290 magna
1952 4244 2073 4277 cura
2101 4230 2437 4277 asservabant
2459 4245 2474 4287 ς
2532 4235 2595 4278 ut
2609 4228 2667 4311 ‘in

450 4288 669 4337 miratus
709 4298 809 4349 est,
842 4299 901 4340 ut
938 4292 1015 4342 illi
1054 4296 1270 4358 perinde
1308 4315 1370 4351 ae
1403 4302 1515 4353 Diis
1600 4320 1702 4369 quo
1724 4305 1900 4354 Romae
1925 4304 2090 4354 fatum
2116 4306 2423 4369 ponebatur.

453 4361 603 4415 sacra
623 4363 839 4417 faceret.
1660 4385 1765 4432 329
1795 4382 2145 4447 flammasque]
2209 4383 2449 4433 Vestales
2491 4382 2667 4446 ignem
