2925 4928
894 419 976 468 m
1026 414 1138 467 ct..
1183 412 1724 491 anumANuM.
2319 404 2416 471 2⁷

250 574 350 645 tur,
375 586 511 650 quae
538 560 622 630 ad
664 566 786 630 illa
816 566 1134 643 carmina,
1189 568 1435 650 quibus
1465 586 1637 632 nunc
1680 565 1936 650 praefig-i
1964 551 2198 657 solent,
2217 567 2418 634 nullo

246 671 415 735 modo
441 671 782 753 pertinent.
875 668 1158 733 Carmen
1188 671 1459 753 quidem
1482 688 1580 734 iv.
1614 671 1792 755 quod
1811 671 1876 733 in
1894 670 2105 734 fronte
2134 670 2415 735 secundi

242 774 298 836 in
340 773 637 836 Rufinum
688 772 1004 835 carminis
1046 772 1445 836 collocatum
1486 772 1818 849 videmus,
1846 772 1932 835 ad
1964 772 2092 835 hoc
2134 774 2414 840 minime

245 879 481 959 spectat,
504 872 1063 958 quemadmodum
1100 875 1244 958 jam
1270 875 1586 939 Bartbius
1626 881 1803 940 recte
1848 875 2262 952 observavit,
2292 890 2408 942 ne⁴

244 992 351 1060 que
373 978 578 1059 magis
609 978 699 1042 ad
723 979 908 1042 aliud
939 978 1402 1063 quodcumque
1431 999 1682 1057 eorum,
1733 999 1886 1062 quae
1932 987 2200 1044 servata
2230 986 2418 1045 sunt.

244 1074 391 1156 Qun,
419 1080 548 1149 nisi
578 1080 806 1145 omnia
844 1097 968 1142 nos
998 1079 1251 1157 fallunt,
1283 1082 1348 1144 ei
1375 1081 1653 1144 carmini
1681 1082 2040 1163 praelus‘um
2070 1087 2195 1159 est,
2229 1082 2414 1165 quod

241 1181 550 1245 victoriam
596 1182 680 1246 de
710 1181 905 1245 Getis
933 1201 972 1245 a
991 1181 1354 1246 Stilichone
1387 1184 1455 1246 in
1486 1183 1765 1248 Graecia
1789 1188 2201 1267 reportatam
2233 1187 2410 1250 cele-s

242 1284 466 1362 brabat,
485 1283 572 1347 ad
605 1304 808 1367 quam
850 1298 985 1348 non
1013 1303 1143 1348 uno
1163 1287 1228 1347 in
1244 1280 1408 1350 ‘loco
1455 1285 1863 1350 Claudianus
1903 1287 2164 1352 alludit.
2254 1287 2415 1369 Nee

241 1386 522 1450 credibile
570 1392 694 1464 est,
735 1386 1026 1470 poetam,
1068 1388 1197 1469 qui
1227 1389 1450 1452 victos
1508 1389 1595 1453 ad
1643 1390 2039 1454 Pollentiam
2087 1391 2413 1454 barbaros

238 1487 475 1564 cecinit,
506 1489 693 1552 illam
721 1487 983 1552 cladem
1019 1489 1215 1554 Getis
1243 1490 1497 1554 illatam
1541 1491 1806 1556 silentio
1865 1494 2414 1576 praetermisisse;

239 1612 364 1656 cum
391 1599 519 1656 tam
569 1593 865 1675 amplam
914 1592 1227 1657 laudandi
1277 1592 1664 1659 Stilichonis
1713 1597 2068 1662 materiam
2113 1596 2415 1679 praebere

191 1698 197 1705 '
234 1694 545 1780 potuisset.
639 1695 726 1758 In
750 1695 885 1759 hoc
915 1694 1153 1760 Musas
1182 1698 1478 1775 invocat,
1520 1705 1585 1763 et
1619 1696 2006 1782 Apollinem
2053 1700 2296 1783 ipsum,
2336 1703 2422 1763 ut*¹

235 1814 353 1860 suae
381 1798 562 1861 sedis
596 1797 1009 1863 defensorem
1038 1793 1366 1877 coronent,
1396 1799 1630 1864 deinde
1670 1806 2119 1885 argumentum
2173 1801 2410 1865 carmid

233 1901 318 1963 nis
340 1901 631 1986 majoris,
656 1902 837 1985 quod
865 1903 1142 1966 subinde
1166 1904 1564 1970 recitaturus
1593 1911 1717 1982 est,
1733 1906 2069 1989 proponit,
2094 1904 2416 1968 Stilicho-

232 2022 479 2088 nemque
505 2011 725 2088 rogat,
759 2011 834 2069 ut
862 2006 1121 2071 canenti
1149 2007 1280 2070 sibi
1305 2027 1498 2073 aures
1527 2009 1845 2092 praebeat.
1936 2007 2165 2072 Sermo
2192 2024 2411 2090 purus

233 2113 314 2172 est
334 2114 394 2171 et
421 2114 710 2187 cothS,
761 2115 1231 2193 neque'ornatu
1276 2131 1490 2196 neque
1514 2112 1821 2176 doctrina
1846 2110 2170 2174 molestus
2194 2130 2211 2190 ;
2259 2127 2418 2173 sen-

231 2211 422 2274 tentiae
478 2231 621 2275 non
674 2231 962 2295 operose
1020 2215 1352 2297 quaesitae,
1402 2215 1525 2279 sed
1576 2217 1664 2280 ab
1719 2215 1874 2298 ipsa
1916 2234 1989 2277 re
2044 2218 2407 2295 suggestae.

233 2311 493 2396 Propter
541 2316 825 2381 nimium
867 2323 1198 2382 tumorem
1239 2320 1472 2383 minus⁴
1500 2319 1727 2402 placet
1783 2336 2047 2382 carmen
2107 2331 2187 2378 11.
2227 2313 2414 2398 quod

230 2412 420 2480 forsan
446 2414 965 2503 interpolatione
1011 2421 1300 2487 laborat.
1354 2420 1768 2486 Iucundum
1797 2438 2064 2504 quoque
2108 2417 2420 2483 similitu*

231 2517 417 2583 dinem
440 2523 739 2586 continet
764 2540 863 2587 vt.
881 2523 1081 2588 modo
1111 2524 1554 2602 obliviscaris,
1578 2507 1797 2589 Deum
1816 2524 2000 2586 illum
2024 2520 2419 2585 Honorium·

230 2615 432 2701 fuisse,
478 2625 861 2708 puerulum,
893 2626 1309 2691 undecimum
1349 2629 1470 2692 vix
1516 2626 1745 2693 aetatis
1787 2644 2029 2690 annum
2079 2627 2415 2705 agentem.

232 2722 514 2806 Dignitas
542 2747 701 2790 cum
732 2728 1061 2792 suavitate
1087 2730 1342 2811 egregie
1376 2731 1613 2814 juncta
1642 2729 1837 2792 estin
1865 2729 2169 2791 *carmine
2189 2743 2289 2789 lx.
2320 2729 2415 2802 et,-
2475 2807 2487 2818 δ

231 2827 449 2912 siquid
471 2831 742 2915 judicO,
785 2832 919 2915 ipsi
946 2832 1403 2915 epithalamio,
1436 2834 1550 2897 cui
1576 2831 1932 2917 praefixum
1962 2834 2086 2908 est,
2116 2828 2283 2892 illud
2313 2832 2416 2892 est

230 2933 767 3014 anteponendum.
857 2931 1089 2996 Minus
1119 2935 1342 3016 placet
1389 2953 1650 2998 carmen
1694 2949 1861 2998 xvr.
1891 2937 2158 3017 propter
2183 2930 2428 2995 simili*

230 3032 732 3099 tudinem-nimis
772 3037 971 3118 longe
1023 3038 1385 3120 quaesitam
1429 3057 1653 3121 neque
1684 3037 1855 3101 satis
1886 3034 2413 3101 convenientem.

228 3130 521 3206 Praefatio
558 3139 867 3203 carminis
914 3156 1136 3204 xvlu.
1161 3159 1291 3203 non
1335 3135 1624 3223 amplius
1662 3143 1873 3216 extat,
1904 3156 2039 3221 qua
2066 3142 2307 3228 tamen,
2336 3138 2416 3199 ut

231 3253 302 3318 ex
327 3238 688 3307 Claudiani
741 3242 1220 3306 consuetudine
1263 3242 1577 3323 colligere
1601 3259 1988 3325 possumuS,
2017 3238 2415 3302 ‘destitutum

230 3360 344 3406 non
368 3346 531 3410 fuit.
559 3346 777 3412 Etiam
809 3348 1177 3411 secundum
1205 3348 1277 3410 in
1301 3347 1693 3430 Eutropium
1724 3345 2187 3430 praelusionem
2216 3341 2416 3406 habet

227 3444 358 3527 ipso
410 3450 716 3513 carmine
761 3449 954 3532 longe
1004 3439 1375 3515 meliorem.
1466 3449 1749 3513 Carmen
1781 3464 2014 3512 xxl11-.
2044 3465 2176 3509 non
2217 3443 2425 3507 tertio

228 3547 376 3615 libro
400 3552 472 3615 in
505 3550 980 3630 Stilichonem,
1003 3552 1123 3615 sed
1147 3553 1386 3635 prime,
1410 3549 1891 3633 praefigendum
1911 3547 2199 3622 videtur,
2217 3551 2295 3608 et
2323 3543 2422 3608 ad·
2532 3557 2538 3562 ·

233 3669 436 3717 omnes
478 3659 625 3730 tres
662 3653 1088 3736 pertinuisse,
1111 3674 1232 3717 nec
1265 3674 1355 3717 ex
1378 3670 1583 3717 xxu.
1625 3652 1774 3717 286.
1795 3670 1989 3734 seqq.
2014 3649 2249 3732 possis
2277 3646 2419 3711 col·-

233 3752 430 3837 ligere,
463 3757 911 3821 Stilichonem
955 3743 1248 3820 nb‘ndum
1276 3755 1524 3819 Romae
1567 3754 1798 3830 fuisse,
1831 3772 1987 3817 cum
2015 3751 2133 3815 illa
2163 3750 2421 3814 scribe«

231 3863 453 3924 mutar.
545 3859 704 3923 Non
735 3859 1003 3943 quidem
1039 3860 1454 3923 invenustum
1485 3864 1610 3922 est·
1630 3876 1895 3921 carmen
1928 3872 2121 3920 xxv.
2154 3853 2272 3917 sed
2300 3872 2419 3917 ve-

234 3963 472 4027 nustius
528 3980 790 4027 xxvii.
851 3964 906 4026 si
946 3962 1115 4026 illud
1160 3962 1407 4045 ipsum,
1436 3979 1572 4025 non
1622 3980 1774 4023 eum
1828 3959 2046 4037 simul,
2104 3958 2173 4021 in
2218 3973 2416 4039 quem
2537 3997 2542 4002 -

238 4064 540 4147 scriptum
595 4069 726 4143 est,
787 4065 1192 4130 consideres.
1285 4064 1871 4148 Elegantissimum
1922 4080 2085 4126 sane
2143 4071 2420 4122 xxxii.

236 4159 610 4249 habendum,
643 4169 829 4252 quod
856 4170 1213 4254 principia,
1229 4159 1664 4246 incrementa,
1691 4172 1755 4232 et
1785 4164 2262 4250 perfectionem
2289 4179 2412 4226 na-

236 4265 566 4349 vigationis
592 4271 846 4356 paucis
887 4272 1196 4341 versibus
1223 4272 1716 4359 complectitur,
1762 4268 1890 4336 sed
1915 4265 2016 4332 ad·
2045 4265 2307 4343 librum,
2340 4261 2424 4327 in
