2925 4928
445 395 579 476 1215

453 571 516 635 o
538 572 736 636 mites
769 532 1118 637 Diomedis
1143 570 1341 653 equi!
1389 567 1726 633 Busiridis
1754 587 1892 633 πω

449 672 859 739 clementes!
896 673 1043 757 jam
1072 671 1287 737 Cinna
1313 671 1499 755 pius,
1515 669 1684 754 jam,
1717 668 2067 754 Spartace,
2091 670 2262 735 lenis

1279 773 1639 857 Dejecerat
1665 793 1891 839 omnes
2163 806 2166 811 ·

453 776 702 859 Rufino
732 777 1011 842 collatus
1035 777 1188 840 eris,

1174 412 1301 473 61„-
1339 410 1768 481 oLAEumAm
1818 412 1946 473 111:

2520 660 2692 736 255

458 879 766 945 Occultis
795 878 969 945 odiis
984 884 1222 957 terror,
1257 880 1577 962 tacitique
1609 878 1904 960 sepultos

398 1014 401 1015 ⁷
456 980 816 1067 Suspirant
842 974 1143 1065 gemituS,
1175 981 1637 1068 indignarique
1664 990 1994 1047 verentur.

459 1189 578 1225 eum
600 1170 889 1236 ergastulis?
955 1174 1004 1223 0

1025 1173 1136 1237 eqni
1164 1172 1705 1225 mammeti!
1768 1171 2463 1225 caudunum-flamma!
2528 1175 2705 1225 Naue

465 1241 623 1289 Cinna
644 1247 724 1288 est
742 1239 1011 1301 religiosus,
1041 1254 1164 1288 mc
1180 1245 1237 1288 tu
1262 1254 1292 1287 o
1314 1237 1562 1302 Βραήαεε,
1582 1245 1881 1303 comparatus
1902 1239 2096 1306 Rufino,
2113 1239 2436 1289 erisclemeus.
2506 1240 2710 1290 Τιἰιω·

459 1305 655 1355 s‘umus
671 1304 1021 1369 conflactoevcrat
1039 1304 1270 1354 homiues
1291 1304 1359 1354 ob
1373 1308 1556 1353 secreta
1573 1307 1708 1354 odia.-
1732 1310 1778 1354 et
1793 1307 1984 1355 silevues
2003 1304 2235 1370 suffocant
2255 1304 2465 1372 suspiria
2484 1308 2706 1370 oppres

1401 1449 1697 1470 oenoe-9000
1702 1448 1761 1470 ‘O

467 1534 666 1586 Matar.
687 1533 836 1584 Leid.
859 1549 964 1586 sec.
985 1534 1091 1584 duo
1114 1533 1289 1586 Oxou.
1313 1534 1466 1584 ambo
1499 1535 1697 1585 Moret-

1733 1535 1864 1586 Lov.
1904 1541 2012 1586 tres
2052 1534 2240 1586 Petav.
2280 1533 2414 1585 Exc.
2455 1532 2708 1585 Gevart.

466 1599 626 1649 Farn.
684 1600 872 1665 Chyton
912 1601 1142 1650 Floreut.
1167 1608 1389 1677 quatuor
1420 1600 1567 1650 Med.
1623 1600 1744 1651 Silla
1783 1599 1933 1652 ambo
1970 1601 2162 1652 Moret.
2201 1599 2330 1651 Lov.
2367 1599 2470 1650 duo
2506 1599 2710 1650 Oxou.

469 1663 574 1714 duo
598 1665 725 1715 Leid
733 1668 909 1716 .-—254
931 1668 1062 1731 equis
1081 1668 1166 1716 vel
1191 1681 1347 1731 equos,
1365 1665 1493 1715 item
1515 1679 1625 1716 aras
1646 1665 1833 1717 incert.
1854 1664 2020 1717 Heius
2024 1671 2197 1718 .-255
2218 1665 2458 1715 Parthum:
2477 1664 2710 1719 Mazar.

466 1729 600 1780 Put.
622 1731 747 1781 Lov.
772 1730 956 1782 Petav.
990 1746 1096 1782 sec.
1118 1731 1220 1781 duo
1243 1731 1389 1782 Leid.
1421 1728 1663 1780 Parthen-e
1683 1729 1856 1782 Oxou.
1906 1732 2115 1782 Pareae«,
2138 1730 2287 1781 Leid.
2341 1731 2559 1781 Panem
2606 1730 2709 1780 vel

471 1792 702 1859 Spartace
724 1797 917 1847 Moret.
938 1811 1044 1847 sec.
1046 1796 1210 1848 —256
1255 1812 1413 1847 omues
1448 1795 1692 1848 Ambros.
1715 1803 1837 1848 tert.
1861 1804 2083 1861 quatuor
2101 1798 2224 1847 Vat.
2244 1795 2388 1848 Prie.
2412 1812 2445 1845 a
2480 1810 2552 1845 m.
2574 1810 2714 1846 sec.

473 1862 627 1910 omnis
649 1864 777 1913 Exc.
801 1862 1020 1914 Lucens.
1072 1877 1230 1912 omnes
1271 1863 1357 1912 vel
1399 1863 1701 1912 omensVat.
1729 1877 1838 1912 sec.
1876 1862 2004 1912 Put.
2043 1862 2238 1912 Mos-et.
2263 1876 2346 1925 pr.
2392 1860 2545 1910 Leid.
2580 1876 2713 1911 sec.
2727 1906 2738 1911 „

475 1925 624 1976 Med.
648 1942 753 1978 sec.
785 1928 965 1994 reliqui
989 1942 1181 1992 magno
1202 1942 1417 1977 numero
1437 1942 1627 1977 ameas:
1659 1929 1735 1978 ita
1766 1927 1988 1977 Gesner.
2025 1927 2122 1978 erit
2136 1926 2325 1992 Isiugr.
2347 1924 2431 1976 ed.
2451 1925 2715 1977 Deba-.—

475 1992 573 2041 25⁷
606 1995 814 2042 occultus
834 1992 991 2042 Fam.
1016 1994 1144 2042 Exc.
1167 1992 1387 2042 Lucens.
1410 2006 1517 2042 sec.
1521 1996 1684 2042 —268
1727 1993 2059 2058 indignatique

442 2100 445 2103 2
478 2056 634 2106 Farn.
660 2057 811 2108 Rott.
837 2058 983 2109 Med.
1005 2073 1084 2122 pr.
1107 2057 1291 2107 Ambr.
1312 2073 1391 2122 pr.
1410 2059 1537 2107 Vat.

479 2120 677 2186 narique
714 2123 853 2189 ch.
895 2125 1090 2174 Moret.
1122 2137 1204 2187 pr.
1234 2122 1409 2176 Oxou.
1443 2137 1529 2187 pr.

2088 1992 2315 2042 Florent.
2336 1992 2534 2042 Thuan.
2570 1991 2714 2040 Pal.

1612 2059 1727 2107 tint.
1751 2059 1835 2108 ed.
1861 2007 2059 2109 Parm.
2071 2057 2403 2121 indignatique
2426 2057 2508 2105 vel
2531 2056 2718 2118 indig-

1560 2073 1677 2173 ‘h

1632 2123 1824 2174 einsius
1863 2123 2450 2189 conjiciebat‚tacitoqae
2484 2124 2717 2186 sepultos

1482 2267 1696 2320 No'rAE

481 2381 722 2447 Megarae
786 2383 1014 2449 scopulis
1067 2384 1317 2449 insidens,
1370 2367 1551 2453 raptos
1630 2382 1806 2450 simus,
1847 2388 1933 2455 qui
1973 2387 2192 2439 Romam
2228 2385 2717 2453 proscriptionibus

483 2461 712 2512 viatores
756 2460 1056 2527 praecipites
1102 2460 1330 2527 agebat:
1363 2463 1480 2527 ipse
1523 2478 1557 2513 a
1632 2473 1690 2516 et
1714 2466 1947 2517 caedibus
1970 2468 2128 2518 etiam
2153 2466 2403 2531 implevit.

485 2540 689 2591 Theseo
731 2553 970 2603 praeceps
1013 2547 1161 2591 actus
1205 2548 1304 2604 est,
1348 2548 1405 2591 et
1440 2540 1557 2605 qius

488 2632 607 2668 ossa
627 2618 681 2667 in
703 2632 847 2666 mare
859 2617 1026 2683 jacta,
1047 2619 1102 2667 iu
1124 2631 1249 2667 saxa
1270 2632 1419 2667 vena
1439 2632 1556 2667 esse

489 2695 734 2747 dicuntur
766 2710 799 2745 a
837 2695 1036 2746 Poetis.
1100 2696 1166 2746 Id
1208 2696 1346 2762 quod
1374 2694 1557 2745 fictum

490 2773 575 2823 cst
613 2772 680 2822 ob
705 2772 1050 2836 importunam
1086 2774 1302 2825 latronis
1341 2772 1559 2838 hujusce

438 2885 451 2894 ,
492 2847 756 2898 duritiem.

563 2924 808 2990 Phalaris]
838 2923 1331 2989 Agringentinornm
1354 2924 1410 2974 iu
1431 2924 1561 2975 Sici-

492 3001 568 3050 lia
587 3008 858 3066 tyrannus,
879 3002 965 3067 qui
990 3009 1191 3052 taurum
1222 3001 1404 3052 habuit
1439 3017 1566 3051 aere·

499 3094 605 3144 um,
625 3080 677 3130 in
700 3094 851 3145 quem
883 3081 1097 3131 immissi
1127 3081 1379 3144 damnati,
1416 3081 1565 3146 igne·

501 3175 606 3228 que
647 3160 901 3227 subjecto,
936 3161 1084 3213 bovis
1120 3162 1373 3226 mugitum
1405 3161 1565 3216 edere

501 3237 832 3288 videbantur.
901 3239 1026 3303 Ipse
1048 3239 1287 3291 Phalaris
1311 3245 1403 3289 aut
1432 3240 1571 3292 saxis

504 3316 716 3366 obrutas
740 3323 840 3381 est,
859 3322 969 3380 aut,
990 3330 1127 3379 aereo
1149 3322 1299 3367 tauro
1322 3317 1572 3380 inclusus,

504 3393 668 3444 instar
688 3381 872 3444 Periili
913 3392 1147 3457 artificis,
1168 3396 1183 3421 ‘
1209 3392 1403 3444 Docuit
1425 3409 1572 3444 sunm

501 3471 710 3537 mugire
722 3470 1045 3536 juvencum!
1078 3470 1408 3521 Claudianus.

575 3548 735 3612 Sulla]
799 3548 1194 3600 crudelissimus
1229 3549 1575 3598 Romanorum

512 3625 659 3688 civis,
681 3626 770 3691 qui
789 3624 1247 3690 proscriptionibus
1271 3633 1328 3674 et
1345 3623 1576 3674 caedibus

511 3704 730 3754 Romam
765 3703 1052 3767 infestavit,
1090 3711 1144 3754 et
1182 3718 1360 3753 eorum
1399 3704 1579 3767 etiam,

515 3796 643 3847 quos
668 3780 953 3842 occiderat,
972 3780 1105 3830 filios
1127 3780 1304 3845 ejecit.

1698 2543 1947 2610 Spartace]
1966 2546 2250 2609 Spartacus
2268 2540 2527 2608 gladiator
2542 2542 2721 2591 'l'hra-

1636 2620 1766 2683 cius,
1804 2622 1892 2686 qui
1933 2619 2155 2671 effracto
2184 2621 2397 2671 Lentuli
2429 2618 2556 2668 ludo
2587 2632 2719 2667 cnm

1636 2698 1967 2762 septuaginta
1985 2697 2359 2762 gladiatoribus
2381 2696 2568 2760 Capua
2595 2709 2721 2744 eru-

1638 2773 1736 2839 pit,
1773 2781 1831 2824 et
1851 2774 2187 2838 Campaniam
2224 2774 2498 2838 populan8‚
2529 2770 2720 2821 fasces

1640 2853 1868 2917 rapiens,
1885 2852 2028 2903 ferro
2047 2851 2351 2916 flammaque
2380 2856 2580 2900 cuncta
2602 2863 2724 2899 vas·

1642 2927 1806 2980 tavit:
1841 2945 1872 2979 a
1896 2929 2083 2979 Crasso
2107 2929 2276 2979 victus
2304 2935 2421 2978 est:
2457 2926 2597 2978 obiit
2639 2932 2722 2975 ta·

1641 3019 1761 3054 meu
1785 3003 1996 3056 sortiter
2018 3006 2286 3055 dimicans.

1709 3086 1807 3132 25⁷
1837 3073 2058 3132 'Occultis
2075 3082 2223 3145 odiis]
2266 3081 2539 3132 Timebant
2554 3078 2725 3129 homi-

1648 3174 1740 3210 nes
1783 3161 2061 3209 versutiam
2109 3160 2317 3226 belluae,
2366 3159 2725 3210 occultissime

1649 3235 1770 3286 odia
1793 3251 1884 3286 sua
1906 3238 2151 3301 gerentis.

1762 3312 1957 3376 Terror]
2055 3313 2159 3365 Qui
2216 3314 2396 3364 turbat
2459 3311 2723 3375 homines,

1652 3398 1707 3442 et
1769 3389 1947 3441 reddit
1999 3391 2145 3440 velut
2199 3399 2375 3442 mente
2412 3382 2621 3456 captos,
2669 3395 2726 3438 et

1656 3475 1906 3519 amentes.

1726 3545 1971 3608 Tac-itique
2000 3546 2205 3608 sepultos
2230 3544 2469 3609 suspirant
2487 3541 2725 3606 gemitus]

1657 3622 1929 3687 Suspirant
1951 3637 2068 3671 suos
2102 3622 2319 3686 gemitus
2353 3636 2462 3671 esse
2490 3619 2726 3684 sepultos

1657 3707 1814 3770 atque
1857 3712 2158 3763 oppressos3
2191 3712 2283 3747 seu
2333 3696 2600 3761 suspirant
2641 3694 2728 3743 do·

1661 3778 1874 3841 leutque
1911 3776 2264 3836 veliementer,
2302 3774 2440 3839 quod
2481 3772 2582 3823 sibi
2622 3783 2727 3820 non

580 3860 679 3906 254
713 3856 962 3906 Diomedis
982 3856 1110 3920 equi]
1169 3857 1449 3910 Diomedes
1465 3859 1582 3908 Rex
1661 3853 1819 3903 liceat
1841 3865 2047 3917 gemere
2072 3858 2230 3916 atque
2253 3851 2530 3915 suspirare.

515 3921 778 3996 Thraciae,
794 3946 958 3997 equos
975 3946 1131 3982 carne
1153 3933 1373 3984 humana
1392 3935 1585 4001 alebat,

520 4009 613 4061 sed
651 4010 718 4059 ab
742 4010 977 4060 Hercule
1001 4010 1193 4074 victus,
1215 4018 1271 4062 et
1309 4012 1493 4062 iisdem
1531 4027 1585 4062 e·

521 4085 636 4151 quis
656 4086 876 4138 traditus
896 4094 982 4139 est
1002 4087 1345 4140 devorandus.

1728 3934 1825 3979 258
1890 3928 2235 3993 Indignas-ique
2296 3928 2578 4016 verentur]
2601 3917 2729 3975 Me·

1664 4012 1841 4069 tuunt,
1874 4009 1941 4056 nb
1975 4006 2251 4056 videantur
2288 4003 2457 4058 irasci.
2507 3983 2652 4056 {Alii
2659 4003 2729 4064 les

1667 4093 1815 4152 gunt,
1850 4085 2124 4149 indignati3
2156 4098 2356 4144 secum
2381 4080 2635 4148 indignati
2678 4080 2726 4129 in

587 4162 809 4231 Busiris]
828 4164 1193 4230 AEgyptiorum
1219 4175 1484 4236 tyrannus,
1498 4170 1586 4236 qui
1668 4169 1885 4229 pectore
1908 4169 2173 4226 verentur,
2211 4176 2276 4212 ne
2299 4159 2440 4226 quis
2441 4161 2513 4211 sit
2530 4159 2728 4210 iutima-

523 4241 755 4304 hospites
775 4242 810 4294 J
814 4243 898 4293 ovi
913 4244 1233 4296 immolabat.

590 4322 687 4368 255
743 4319 921 4385 Cinna]
977 4322 1119 4373 Civis
1138 4323 1315 4373 Romae
1336 4322 1588 4373 humanis·

1671 4256 1783 4291 rum
1807 4239 2176 4304 cogitationum
2203 4238 2422 4289 delator.
