2925 4928
438 414 439 417 ’
491 405 623 472 220

492 566 847 634 Australes
870 570 1119 633 reserat
1146 572 1378 651 portas
1409 567 1798 632 succinctus
1829 566 2082 632 Orion:

492 669 920 755 Invitantque
945 690 1191 736 novum
1223 670 1433 749 siduS,
1464 671 1889 756 pendentque
1913 671 2242 749 vicissim,

494 771 686 851 Quas
713 783 936 857 partes
967 774 1125 839 velit
1156 774 1268 838 ille
1298 775 1509 858 sequi,
1542 777 1789 858 quibus
1818 794 1970 838 esse
2008 773 2264 839 sodalis

493 875 827 958 Dignetur
856 878 1091 955 stelliS,
1135 884 1248 942 aut
1275 898 1410 962 qua
1428 880 1700 960 -regione
1731 878 2008 943 moveri.

493 976 554 1039 Ο
585 979 790 1045 decus
821 980 1185 1058 aetherium,
1213 989 1531 1045 terrarum
1563 981 1776 1064 gloria
1799 981 2157 1065 quondam,

488 1078 591 1143 Te
621 1087 771 1146 tuus
801 1082 1113 1147 Oceanus
1141 1084 1352 1147 natali
1377 1085 1633 1166 gurgite
1660 1083 1912 1147 lassum

485 1181 788 1268 Excipit,
817 1194 882 1250 et
907 1189 1079 1251 notis
1112 1186 1451 1269 Hispania
1480 1187 1730 1270 proluit
1756 1185 1977 1251 undiS.

491 1284 851 1353 Fortunate
881 1310 1144 1373 parenS,
1192 1290 1446 1374 primos
1481 1309 1632 1353 cum
1658 1290 1917 1372 detegis
1945 1293 2151 1365 ortus»,

491 1386 767 1470 Aspicis
788 1389 1195 1455 Arcadium:
1229 1411 1378 1455 cum
1407 1396 1473 1456 te
1500 1392 1865 1474 proclivior
1893 1409 2114 1475 urgeS,

492 1486 867 1557 Occiduum
896 1495 1082 1558 visus
1113 1499 1471 1558 remoratur
1502 1492 1841 1559 Honorius
1868 1495 2106 1577 ignem.

1227 421 1342 470 01..
1389 419 1816 472 CLAUDIAM
1868 423 2001 473 Vll.

2568 964 2700 1040 175

2572 1491 2703 1557 180

485 1683 639 1745 aperit
665 1683 841 1743 januas
874 1686 1195 1743 Mer-idianosg
1226 1692 1274 1736 et
1307 1688 1536 1735 advocant
1573 1690 1754 1734 astrum
1787 1701 1963 1747 recens,
1997 1691 2045 1735 et
2084 1685 2303 1735 dubitant
2337 1685 2476 1734 inter
2498 1699 2553 1733 se
2575 1684 2705 1734 invi-

485 1763 601 1808 cem,
622 1763 736 1811 quas
752 1755 917 1813 partes
935 1752 1084 1813 eligat
1105 1752 1204 1812 ipse
1218 1753 1455 1815 amplecti,
1474 1766 1576 1815 quoe
1593 1752 1749 1800 sidera
1769 1752 2030 1800 cohonestet
2050 1767 2144 1800 sua
2162 1752 2402 1812 societate,
2426 1751 2500 1800 vel
2534 1765 2629 1814 qua
2651 1752 2705 1800 iu

482 1817 620 1874 parte
643 1815 849 1877 placeat
872 1831 1070 1866 manere.
1116 1818 1162 1863 Ο
1182 1816 1455 1877 Theodosi,
1470 1816 1615 1865 honor
1641 1817 1780 1875 Coeli,
1801 1818 1914 1866 olim
1933 1821 2254 1865 ornamentum
2275 1821 2511 1865 terrarum
2525 1832 2541 1864 .-
2578 1816 2703 1866 Oce·

483 1893 602 1926 anus
612 1878 801 1941 patrius
815 1881 983 1944 recipit
1001 1887 1048 1930 te
1063 1882 1171 1930 sinu
1186 1882 1613 1942 natalitiosessum,
1626 1887 1674 1930 et
1695 1882 1747 1931 H
1751 1881 1936 1945 ispania
1950 1887 1999 1930 te
2009 1882 2186 1943 irrigat
2201 1881 2704 1944 aquissamiliaribus.

487 1941 536 1992 Ο
550 1948 691 2006 pater
698 1943 846 2006 felix,
866 1961 968 1994 cum
988 1948 1142 2008 primo
1161 1949 1369 2009 explicas
1386 1952 1547 2010 camd,
1568 1947 1768 1995 intueris
1789 1948 2046 1997 Arcadium
2061 1964 2077 1995 .·
2115 1962 2220 1995 eum
2249 1947 2443 2010 pronior
2474 1947 2708 2010 proecipi-

482 2011 560 2056 tas
582 2007 648 2058 ad
668 2010 946 2073 Occasum,
973 2012 1217 2061 Honorius
1230 2017 1445 2076 aspectus
1465 2015 1674 2061 retardat
1683 2011 1933 2076 flammam
1958 2012 2276 2062 Occidentem.
2329 2012 2399 2060 Et
2414 2026 2711 2075 quacumque

1418 2149 1774 2169 “N‘OO‘OO‘O

485 2222 688 2273 Bonon.
712 2222 892 2274 Ambr.
916 2238 995 2288 pr.
1043 2231 1235 2288 penates
1270 2239 1364 2286 pro
1402 2226 1579 2274 Bootes
1617 2227 1745 2274 Exc.
1779 2225 2093 2273 Voss—1⁷1
2129 2223 2373 2272 Australis
2396 2220 2518 2272 Put.
2548 2222 2705 2272 Leid.

483 2292 590 2338 sec.
644 2294 806 2353 partes
840 2289 1032 2339 Moret.
1057 2306 1134 2353 pr.
1186 2290 1386 2339 Sicileus
1417 2306 1512 2354 pro
1548 2291 1817 2340 succine-eus
1838 2289 1984 2339 Med.
2020 2293 2310 2338 terte-1⁴72
2347 2288 2708 2352 immittamque

483 2367 645 2418 marg.
677 2354 886 2404 Marcii.
933 2361 1222 2419 pensantque
1262 2355 1382 2405 Pat.
1435 2357 1691 2419 pendetque
1730 2356 1847 2405 Pal.
1894 2359 2201 2418 quaeruntque
2239 2353 2381 2402 Med.
2409 2357 2705 2403 terh—1⁷3

483 2418 586 2481 ipse
607 2420 726 2470 Vnt.
751 2426 870 2471 tert.
896 2421 1038 2471 Rott.
1069 2421 1299 2470 Florent.
1323 2421 1521 2471 Mazar.
1546 2421 1717 2471 Oxou.
1755 2426 1810 2470 et
1845 2420 2029 2470 Ambr.
2069 2434 2151 2484 pr.
2181 2420 2314 2483 Reg.
2336 2434 2403 2467 m.
2445 2432 2525 2482 pr.
2552 2418 2707 2469 Leid.

484 2498 591 2533 sec.
618 2482 735 2535 ΑΜ.
761 2492 816 2535 et
840 2488 964 2536 Exc.
991 2487 1208 2536 Gevart.
1265 2488 1348 2536 illa
1370 2487 1451 2535 vel
1474 2488 1571 2550 ipse
1595 2487 1740 2536 Med.
1769 2500 1848 2550 pr.
1902 2485 2009 2549 quis
2030 2486 2153 2534 Vat.
2178 2492 2349 2549 quart.
2399 2484 2500 2547 ipse
2523 2486 2710 2534 sodalis

484 2548 608 2599 Vnt.
631 2557 752 2600 tert.
779 2551 931 2600 Rott.
955 2552 1192 2600 Florent.
1217 2552 1349 2616 Reg.
1368 2552 1568 2601 Mazar.
1600 2552 1684 2602 ille
1702 2552 1805 2600 duo
1822 2551 1944 2600 Vat.
1969 2551 2176 2599 Tholos.
2199 2550 2395 2599 Moret.
2418 2564 2494 2612 pr.
2516 2548 2709 2600 Ambr.

486 2620 755 2666 secr—174
786 2632 816 2665 a
838 2631 932 2680 qua
963 2618 1155 2678 regione
1175 2618 1322 2666 Med.
1347 2623 1472 2667 tert.
1523 2620 1597 2667 vel
1614 2633 1706 2681 qua
1729 2617 1849 2666 Pat.
1909 2616 2084 2664 moveri
2103 2616 2221 2665 Vat.
2248 2622 2367 2664 tert.
2387 2614 2528 2663 Prie.
2557 2615 2709 2665 Rott.

410 2683 427 2692 ‘
485 2679 653 2730 Oisel.
674 2683 825 2731 teneri
841 2682 964 2733 Jun.
990 2697 1067 2746 pr.
1100 2682 1276 2732 morari
1301 2684 1383 2732 ed.
1404 2682 1562 2732 Gesn.
1587 2683 1707 2732 Vnt.
1734 2689 1976 2747 quatuor,
2000 2682 2116 2730 Pal.
2143 2681 2245 2728 duo
2267 2678 2414 2729 Med.
2439 2687 2540 2729 vet.
2571 2680 2709 2745 Gyr.

485 2751 542 2793 et
563 2746 751 2797 Petav.
789 2762 868 2809 pr.
903 2748 1078 2796 morari
1098 2750 1181 2796 vel
1210 2750 1385 2797 moveri
1410 2748 1610 2797 Mazar.
1645 2748 1821 2799 Oxon.
1855 2750 2126 2796 sem—1⁷6
2157 2746 2308 2795 titiali
2338 2745 2476 2794 Prie.
2516 2747 2711 2809 lapsum

486 2809 590 2859 duo
605 2812 750 2861 Med.
766 2813 952 2861 Petav.
975 2827 1052 2875 pr.
1076 2828 1141 2861 m.
1162 2828 1266 2863 sec.
1292 2812 1475 2868 Ambr.
1497 2820 1618 2863 tert.
1640 2828 1800 2877 marg.
1816 2812 2169 2875 ωορκ-177
2186 2811 2363 2873 perluit
2390 2809 2568 2859 Ambr.
2595 2824 2709 2859 sec.

484 2879 649 2924 —178
684 2877 997 2940 Fortunaeque
1014 2893 1183 2941 parens
1198 2879 1329 2927 Exc.
1354 2879 1705 2932 Lucens.,sec.
1736 2879 1920 2941 primus
1941 2876 2024 2926 ed.
2046 2876 2221 2925 Parm.
2246 2882 2301 2924 et
2321 2875 2494 2924 Vicet.
2544 2875 2712 2938 primo

485 2938 610 2989 Jun.
635 2956 713 3004 pr.
759 2948 896 2990 artus
930 2944 1011 2990 vel
1030 2948 1164 2990 ortus
1186 2944 1287 2993 duo
1321 2944 1612 2993 Van—1⁷9
1647 2944 1864 3006 Respicis
1893 2940 2040 2992 Med.
2062 2944 2352 2990 ωτι-180
2384 2940 2490 2988 visu
2512 2940 2711 2996 Petav.

485 3018 566 3067 pr.
591 3005 739 3055 Leid.
790 3006 941 3056 visum
970 3008 1164 3057 Moret.
1187 3022 1265 3071 pr.
1288 3009 1409 3058 Vat.
1433 3015 1606 3072 quart.
1659 3011 1942 3058 memoratur
1960 3006 2085 3057 Jun.
2107 3020 2186 3070 pr.
2242 3005 2373 3067 ignis
2395 3006 2514 3054 Pat.
2534 3011 2593 3055 et
2617 3005 2710 3056 ed.

1490 3146 1705 3197 NOTAE

486 3267 546 3308 ut
582 3272 684 3309 non
718 3259 931 3323 amplius
971 3265 1074 3310 tam
1113 3261 1365 3324 Plaustri,
1399 3275 1552 3326 quam
1700 3265 1797 3311 176
1831 3261 1895 3310 Te
1917 3265 2027 3310 tuus
2045 3257 2282 3320 Ocearuts]
2318 3256 2561 3307 Oceanus
2583 3256 2714 3307 His·

483 3336 636 3385 Ursae
674 3336 892 3388 baberet
925 3334 1179 3402 effigiem:
1217 3344 1327 3387 tum
1363 3344 1419 3387 et
1458 3353 1554 3402 pro

484 3413 732 3464 Plaustro
756 3412 924 3478 ἄρκτος
951 3414 1060 3464 sive
1093 3414 1218 3464 Ursa
1240 3413 1346 3463 dici
1371 3414 1554 3478 coepit,

484 3495 542 3539 et
577 3490 763 3551 βοότης
799 3492 1047 3544 εἰηιίἰὶῐετ,
1068 3498 1283 3541 vocatus
1321 3489 1553 3555 ἄρεα-σφύ-

484 3570 596 3631 λαε,
616 3569 715 3619 hoc
738 3576 836 3632 est,
864 3570 1001 3618 Ursa:
1018 3574 1187 3632 custos,
1215 3569 1354 3633 quod
1375 3570 1554 3619 stellas

489 3645 633 3694 Ursae
659 3661 836 3708 regere
858 3663 918 3698 ac
943 3647 1210 3697 custodire
1233 3647 1489 3698 videatur.

551 3727 646 3773 171
684 3725 954 3788 Australes]
989 3720 1323 3789 Meridianas,
1344 3724 1555 3775 abAus-

486 3803 571 3856 tro
592 3808 769 3862 vento,
793 3802 880 3865 qui
899 3800 991 3852 flat
1015 3818 1046 3850 a
1068 3802 1312 3853 Meridie.

550 3875 850 3938 Succinctus]
901 3879 1168 3940 Armatus,
1213 3880 1275 3928 ad
1329 3894 1556 3943 pugnam

488 3954 802 4017 expeditus3
838 3955 909 4003 sic
945 3955 1081 4004 enim
1118 3955 1348 4019 pingitur
1371 3956 1556 4007 Orion.

489 4031 655 4081 Orion
695 4031 863 4092 Jovis,
904 4031 1160 4094 Neptuni,
1206 4040 1263 4082 et
1308 4033 1558 4083 Mercurii

485 4108 657 4169 filius3
693 4108 772 4157 vel
804 4109 1119 4170 Scorpionis,
1158 4123 1272 4157 cum
1308 4125 1409 4174 quo
1435 4126 1560 4174 pug-

485 4185 665 4248 nabat,
687 4186 815 4246 ictu,
838 4187 920 4234 vel
944 4186 1133 4235 Dianae
1158 4187 1274 4235 telis
1310 4186 1561 4252 confixus,

487 4267 549 4312 ut
583 4268 820 4313 tentator
850 4263 1158 4328 impudens:
1192 4272 1247 4313 at
1278 4271 1467 4329 postea
1487 4265 1562 4313 iu-

487 4346 573 4390 ter
593 4340 748 4404 sigua
767 4339 1009 4391 coelestia
1030 4341 1247 4392 relatus.

1634 3338 1803 3402 paniae
1845 3337 2034 3402 patriae
2081 3343 2186 3385 tuoe
2223 3335 2453 3398 excipiet
2491 3340 2545 3384 te
2588 3347 2713 3383 cum

1635 3415 1748 3463 aliis
1772 3413 2029 3464 sideribus
2049 3412 2243 3462 fessum
2264 3417 2354 3460 tuo
2384 3425 2558 3460 cursu.
2608 3410 2716 3459 Po·

1631 3492 1737 3549 iitae
1777 3490 1980 3555 fingunt
2017 3490 2192 3539 sidera
2231 3497 2349 3554 post
2371 3488 2615 3538 diurnum
2640 3490 2716 3539 la-

1634 3571 1811 3620 borem
1846 3568 2166 3618 descendere
2190 3568 2242 3616 in
2267 3580 2425 3629 mare,
2447 3571 2505 3615 et
2540 3565 2617 3615 ibi
2653 3579 2714 3615 se

1632 3648 1830 3710 lavare,
1849 3646 1969 3694 inde
1991 3653 2151 3707 caput
2173 3657 2412 3693 exerere.

1700 3728 1794 3774 177
1831 3723 1976 3772 Notis
1995 3722 2155 3786 undis]
2207 3719 2463 3784 Cognitis,
2485 3716 2717 3770 familia-

1636 3802 1795 3851 ribus.
1886 3800 2021 3850 Naln
2073 3797 2396 3848 Theodosius
2453 3796 2714 3846 oriundus

1635 3886 1752 3928 erat
1774 3893 1840 3927 ex
1864 3877 2119 3926 Gallaecia
2139 3875 2408 3939 Hispaniae
2429 3874 2670 3938 regione.

1703 3961 1800 4007 179
1836 3953 2117 4017 Arcadium]
2165 3954 2550 4018 Imperatorem
2590 3951 2719 4004 Ori-

1637 4035 1811 4085 entis:
1849 4041 1996 4082 vetus
2035 4032 2164 4082 liber
2198 4031 2379 4081 scribit
2409 4030 2715 4099 Archadius}

1637 4129 1753 4163 cum
1811 4110 2145 4174 aspiratione,
2208 4109 2355 4172 quusi
2409 4105 2713 4157 deducatur

1639 4189 1732 4241 ἀπὸ
1753 4192 1840 4249 τῆς
1862 4189 2030 4252 ἆρχῆς,
2051 4187 2109 4236 ab
2132 4185 2345 4249 imperio.

1707 4271 1803 4316 180
1835 4263 2105 4327 Honorius]
2126 4262 2419 4327 Imperator
2442 4256 2714 4310 Oeniden.

1641 4345 1730 4395 tis.
