2925 4928
454 407 598 482 2861
1158 433 1274 482 m..
1318 429 1753 483 ‘cunnum
1801 431 1994 484 vura

460 578 636 659 Qnae
671 578 795 642 sub
827 582 892 643 te
922 578 1029 643 vel
1059 597 1271 645 cansa
1299 579 1549 658 breviS,
1580 580 1685 644 vel
1708 579 1962 665 judicis
1991 584 2174 643 error
2536 577 2667 646 510

459 679 839 765 Negligitur
859 681 889 743 'i
937 679 1159 745 dubiis
1186 675 1340 764 quis
1371 680 1603 747 litibus
1636 682 1879 746 addere
1907 681 2101 747 finem

452 784 735 862 Justior‚
765 790 833 848 et
858 803 1152 849 mersum
1181 784 1461 850 latebris
1495 784 1775 849 educere
1803 787 2083 849 verum?

458 887 631 967 Quae
661 886 906 971 pietaS‚
937 892 1357 970 quantusque
1385 889 1588 971 rigor,
1621 888 2110 971 tranquillaque
2137 889 2365 972 magni

455 988 588 1057 Vis
619 990 849 1069 animi,
879 992 1193 1074 nulloque
1220 990 1388 1055 levis
1414 997 1660 1055 terrore
1690 991 1944 1056 moveri
1968 1012 1986 1071 3
2233 985 2236 988 ’

455 1092 608 1160 Nec
634 1114 818 1160 nova
844 1095 1071 1159 mirari
1099 1093 1356 1159 facilis!
1403 1113 1607 1177 quam
1636 1093 1838 1157 docta
1866 1092 2152 1157 facultas
2534 1094 2666 1162 515

452 1196 735 1281 Ingenii,
763 1198 1143 1281 linguaeque
1174 1196 1450 1262 modus!
1501 1215 1824 1279 responsa
1853 1202 2161 1262 verentur

451 1299 713 1383 Legati,
737 1303 1182 1385 gravibusque
1210 1301 1373 1364 latet
1402 1300 1531 1363 sub
1562 1302 1855 1364 moribus
1884 1305 2076 1365 aetaS.

456 1402 767 1482 Quantus
799 1405 869 1468 in
898 1424 1012 1470 ore
1043 1405 1274 1489 pater!
1321 1403 1544 1469 radiat
1573 1422 1773 1486 quam
1802 1408 1995 1470 torva
2020 1404 2336 1488 voluptas

449 1588 589 1648 συνεί
606 1588 755 1637 severi
775 1588 1015 1638 contemsit
1039 1602 1208 1638 micros.
1294 1588 1417 1645 Quoe
1438 1602 1581 1637 causo
1605 1587 1686 1638 vel
1710 1587 1883 1652 brevis,
1905 1589 1978 1637 rel
1997 1590 2133 1653 culpa
2157 1589 2481 1651 Magistratus
2499 1590 2585 1639 sub
2619 1596 2673 1642 te

449 1651 731 1716 spernitur?
780 1654 957 1716 Ecquis
978 1654 1158 1717 aequior
1179 1654 1419 1715 imponere
1441 1659 1614 1702 metam
1652 1653 2002 1715 litigationibus
2022 1656 2274 1715 ambiguis,
2297 1661 2343 1704 et
2364 1670 2524 1705 eruere
2545 1659 2673 1705 veri-

449 1722 599 1767 tatem
618 1720 846 1782 sepultam
865 1720 917 1767 in
937 1716 1175 1769 tenebris?
1227 1719 1396 1774 Qualis
1414 1720 1590 1782 pietas,
1611 1723 1658 1767 et
1680 1720 1829 1782 qualis
1846 1720 2084 1782 grauitas,
2107 1725 2152 1769 et
2189 1720 2262 1768 ris
2298 1721 2485 1782 placida
2517 1719 2674 1771 animi

448 1782 674 1846 ingentis,
695 1798 786 1833 non
812 1783 980 1843 facilis
999 1784 1186 1833 concuti
1218 1786 1313 1833 ullo
1347 1789 1477 1833 metu
1491 1801 1509 1841 ‚·
1558 1800 1705 1847 neque
1725 1790 1911 1848 promta
1934 1784 2167 1834 admirari
2189 1784 2457 1834 novitates!
2509 1786 2673 1841 Quam

448 1850 636 1898 erudita
653 1850 785 1912 copia
808 1849 1009 1911 ingenii,
1033 1854 1079 1898 et
1103 1852 1226 1912 lepos
1246 1849 1474 1897 sermonis
1496 1856 1575 1899 est
1597 1849 1689 1900 tibi
1709 1853 1721 1899 !
1780 1850 2010 1900 Oratores
2032 1856 2316 1899 uenerantur
2334 1851 2522 1899 oracula
2556 1858 2674 1912 tua,

450 1916 498 1962 et
505 1913 730 1975 juventus
755 1920 843 1964 tua
863 1916 1124 1965 occultatur
1144 1915 1229 1964 sub
1247 1915 1452 1964 moribus
1477 1914 1641 1978 plenis
1658 1916 1916 1978 grwitate.
1988 1916 2182 1973 Quanta
2203 1915 2378 1979 species
2407 1915 2569 1979 patris
2589 1917 2673 1966 tui

1379 2075 1742 2096 OOOOOOOOOOO

449 2191 606 2256 spexit
629 2191 936 2242 Prie-2510
969 2207 1130 2242 caussa
1149 2194 1316 2255 gravis
1336 2200 1442 2243 tres
1466 2192 1615 2242 Vatt.
1641 2193 1757 2242 Pal.
1781 2192 1927 2243 Med.
1954 2207 2033 2257 pr.
2070 2200 2126 2242 et
2159 2199 2329 2258 quart.
2364 2192 2494 2242 Exc.
2511 2191 2671 2242 Laeti.
2721 2227 2724 2232 -

451 2257 605 2307 brevis
630 2256 812 2319 viginti
835 2257 937 2308 duo
959 2259 1065 2320 alii,
1084 2259 1214 2307 Exc.
1238 2259 1459 2308 LucenS.
1488 2274 1568 2322 pr.
1596 2258 1680 2308 ed.
1699 2260 1870 2308 Vicet.
1897 2259 2023 2307 Var.
2049 2258 2157 2309 LL.
2182 2258 2265 2307 ed.
2288 2257 2448 2307 Antv.
2501 2258 2682 2319 gravis
2729 2304 2740 2308 ,

451 2323 534 2370 vel
556 2322 710 2371 brevis
732 2321 867 2386 Reg.
906 2322 1092 2372 Petav.
1126 2338 1207 2385 pr.
1247 2325 1370 2373 Var.
1400 2325 1507 2373 LL.
1529 2372 1533 2376 ,
1554 2339 1583 2373 e
1618 2339 1780 2386 marg.
1805 2324 2000 2373 Parm-
2020 2323 2265 2374 Heinsius
2287 2324 2371 2372 hic
2394 2324 2677 2388 sequentia

450 2394 743 2437 notaverat.
795 2385 946 2436 brevis
965 2388 1150 2451 caussa]
1173 2390 1430 2451 compendii
1446 2404 1662 2438 caussam
1684 2388 1817 2438 dixit
1843 2388 2121 2452 Capitolin.
2161 2404 2215 2452 p.
2233 2393 2315 2438 27.
2346 2389 2378 2438 1.
2400 2393 2479 2439 34.
2504 2404 2557 2451 ρ.
2582 2392 2670 2438 32.
2719 2435 2724 2440 .

449 2452 486 2513 1.
512 2457 594 2512 30.
618 2455 632 2481 ‘
655 2459 934 2518 praetorem
959 2455 1314 2519 reprehendit,
1337 2454 1423 2519 qui
1441 2455 1545 2505 cito
1563 2470 1767 2505 reorum
1789 2469 1994 2505 caussas
2016 2453 2287 2505 audierat!
2330 2454 2403 2504 sic
2418 2454 2545 2503 horti
2565 2453 2679 2505 bre-

449 2519 632 2577 vissi-mi
656 2534 749 2583 pro
773 2518 962 2582 parvis.
1030 2520 1293 2583 Spartian.
1316 2522 1364 2569 in
1384 2522 1560 2577 Sever.
1599 2534 1651 2584 ρ.
1680 2525 1761 2570 65.
1786 2521 1819 2569 l.
1846 2524 1925 2569 28.
1944 2536 1995 2584 p.
2023 2525 2134 2572 127.
2159 2522 2196 2570 1.
2216 2525 2297 2570 20.
2318 2535 2369 2584 p.
2395 2521 2557 2570 187.1.
2583 2524 2672 2572 16.
2721 2568 2724 2573 .

450 2583 557 2634 vid.
580 2583 798 2642 Casaub.
836 2600 887 2647 p.
915 2588 1026 2633 168.
1066 2588 1115 2634 d.
1138 2585 1245 2650 ,qui
1272 2592 1431 2645 errat,
1452 2586 1572 2635 dum
1598 2593 1770 2650 putat,
1809 2586 1883 2634 sie
1924 2588 2243 2636 recentiores
2277 2592 2478 2635 tantum
2503 2585 2670 2649 loqui.

452 2650 609 2699 Ovid.
651 2650 704 2699 in
732 2650 870 2699 Fast.
891 2666 988 2699 ,rus
1009 2650 1144 2700 breve
1165 2649 1318 2701 dixit.
1389 2651 1524 2700 Haec
1547 2650 1974 2701 Heinsius.--6ll
2025 2651 2313 2713 Negligitur
2335 2652 2466 2714 Reg.
2491 2650 2675 2702 Oxou.

448 2729 533 2777 pr.
553 2715 701 2775 Leid.
724 2730 801 2778 pr.
825 2731 896 2765 m.
921 2730 998 2777 pr.
1023 2723 1078 2764 et
1103 2732 1220 2765 cum
1243 2722 1369 2770 nota
1393 2716 1746 2779 interrogandi
1769 2716 1936 2766 Livin.
1965 2716 2092 2766 Exc.
2113 2717 2316 2765 Schott.
2354 2716 2466 2765 Non
2487 2716 2676 2778 legitur.

449 2781 579 2833 Vat.
598 2787 719 2829 tert.
742 2780 876 2839 Pal.
901 2781 1042 2831 Prie.
1067 2782 1233 2831 Oisel.
1260 2782 1491 2830 Florent.
1514 2780 1617 2830 duo
1641 2780 1789 2830 Med.
1813 2781 2014 2830 Mazar.
2038 2782 2239 2831 Tholos.
2261 2781 2384 2832 Jun.
2405 2795 2485 2844 pr.
2512 2780 2678 2833 Leid..

450 2859 532 2958 gr.
548 2859 618 2896 m.
641 2860 745 2894 sec.
796 2847 936 2894 Nunc
959 2846 1136 2906 legitur
1160 2847 1306 2896 Rott.
1361 2848 1465 2895 Nec
1487 2847 1667 2909 legitur
1689 2854 1913 2911 quatuor
1934 2847 2079 2896 Vatt.
2099 2846 2203 2896 duo
2225 2845 2371 2896 Med.
2406 2846 2511 2909 quis
2532 2847 2672 2897 Exc.

502 2924 675 2959 nesus,
700 2924 778 2972 pr.
840 2908 921 2974 qui
956 2911 1099 2961 Med.
1127 2919 1249 2961 tert.
1274 2911 1465 2960 PetaV.
1485 2917 1606 2961 tert.
1631 2912 1735 2961 duo
1755 2910 1947 2961 Moret.
1970 2912 2095 2961 Var.
2122 2911 2225 2961 LL.
2245 2926 2274 2960 e
2295 2926 2458 2974 marg.
2485 2911 2667 2961 Parm.

357 3009 368 3016 -
451 2981 508 3024 et
531 2973 613 3024 ed.
653 2974 829 3024 vicet.
894 2975 1075 3037 legibus
1098 2991 1192 3040 pro
1231 2976 1394 3025 litibus
1415 2978 1537 3026 Vat.
1562 2991 1668 3026 sec.
1694 2992 1763 3026 m.
1804 2991 1883 3039 pr.
1908 2977 2269 3027 Mamm—612
2306 2977 2495 3025 Certior
2517 2976 2669 3031 Med,

451 3045 623 3102 quart.
647 3040 840 3089 Μαι-εὶ.
867 3054 944 3103 pr.
981 3056 1207 3089 mersum
1228 3042 1350 3091 Vat.
1373 3056 1453 3104 pr.
1480 3057 1546 3090 m.
1573 3057 1652 3106 pr.
1688 3042 1911 3091 deducere
1927 3041 2051 3091 Jun.
2073 3045 2318 3104 piu—513
2354 3041 2493 3096 Quod
2513 3043 2675 3102 fietus

439 3105 574 3153 -Vat.
603 3118 679 3167 pr.
727 3109 1019 3168 quantusque
1039 3104 1222 3154 Ambr.
1249 3122 1353 3156 sec.
1400 3111 1659 3170 quantusve
1682 3106 1785 3155 duo
1806 3106 1952 3155 Vatt.
1978 3107 2092 3155 Pal.
2114 3106 2264 3155 Med.
2287 3119 2394 3154 see.
2416 3113 2471 3155 et
2495 3113 2670 3170 quart.

449 3169 554 3219 duo
579 3169 765 3219 Petav.
791 3171 993 3219 Bouon.
1016 3170 1225 3220 Thalos.
1251 3173 1443 3221 Moret.
1472 3186 1577 3221 sec.
1604 3170 1783 3221 Ambr.
1812 3177 1937 3220 tert.
1964 3172 2088 3222 Lov.
2131 3171 2267 3232 rigor
2285 3171 2408 3220 Vat.
2434 3186 2513 3234 pr.
2534 3171 2673 3236 Reg.

447 3235 641 3284 Thuan.
657 3234 839 3284 PetaV.
864 3250 967 3285 sec.
987 3236 1178 3285 Moret.
1203 3251 1302 3287 see.
1336 3237 1475 3298 vigor
1494 3236 1765 3286 duodecim
1792 3235 1900 3296 alii,
1920 3238 2044 3287 Exc.
2070 3237 2287 3286 Gevart.
2311 3236 2483 3285 Vicet.
2527 3236 2672 3298 rigor

449 3300 532 3348 vel
557 3301 692 3362 vigor
724 3299 902 3350 Ambr.
936 3315 1013 3365 pr.
1054 3301 1197 3351 Leid.
1222 3307 1460 3365 pr.—5l5
1496 3303 1674 3351 mutari
1713 3300 1826 3350 Pal.
1861 3300 2005 3351 Med.
2041 3316 2119 3366 pr.
2185 3317 2321 3365 quam
2358 3303 2498 3350 docto
2532 3301 2670 3366 Reg.

448 3364 650 3414 Thuan.
670 3365 773 3414 duo
790 3366 974 3415 Petav.
989 3365 1157 3416 Oxou.
1176 3382 1254 3429 pr.
1272 3367 1414 3416 Leid.
1427 3368 1718 3429 pnMoret.
1736 3380 1837 3415 sec.
1854 3366 2031 3415 Ambr.
2046 3373 2169 3416 tert.
2189 3367 2545 3415 Exc.LucenS.
2564 3382 2672 3418 sec.

447 3429 635 3494 Isingr.
658 3433 913 3494 quaedocta
929 3430 1114 3481 novem
1132 3432 1397 3482 aliie-517
1415 3433 1552 3481 timet
1569 3432 1603 3482 J
1610 3445 1690 3480 un.
1709 3436 1949 3494 pr.—5l8
1973 3432 2033 3488 Q.
2048 3432 2098 3480 in
2113 3447 2156 3480 o.
2170 3431 2335 3495 poter!
2351 3431 2534 3480 Petav.
2546 3437 2672 3484 tert.

449 3494 623 3546 Parm.
642 3495 826 3561 Isingr.
849 3496 1012 3547 Colin.
1033 3497 1232 3561 Gryph.
1262 3494 1436 3560 pater?
1459 3506 1576 3549 cum
1592 3496 1736 3561 signo
1756 3497 2177 3560 interrogationis
2196 3497 2279 3546 ed.
2296 3497 2467 3545 vicet.
2504 3497 2673 3545 radius·

450 3562 570 3611 Vat.
609 3562 774 3626 quint.
803 3561 998 3611 radiat!
1031 3577 1149 3611 cum
1172 3563 1313 3627 signo
1344 3562 1732 3612 exclamationis
1768 3563 1893 3612 Lov.
1925 3562 2027 3612 duo
2059 3563 2251 3612 Moret.
2270 3559 2386 3610 Ald.
2412 3562 2540 3612 Exc.
2563 3562 2673 3613 Ge-

449 3634 581 3676 vart.
597 3637 651 3675 et
673 3627 748 3676 ita
769 3625 934 3676 edidit
958 3627 1121 3677 Gesn.
1149 3642 1297 3691 parva
1320 3629 1536 3690 voluptas
1552 3627 1675 3677 Vat.
1695 3633 1817 3677 tert.
1843 3628 1987 3677 Rott.
2009 3627 2171 3676 Oisel.
2188 3627 2332 3676 Med.
2356 3641 2459 3676 sec.
2493 3642 2561 3676 m.
2586 3641 2672 3690 pr.

448 3705 610 3757 marg.
643 3691 829 3758 Isingr.
894 3693 1111 3744 voluntas
1139 3692 1326 3743 Petav.
1351 3699 1475 3743 tert.
1534 3705 1686 3756 parta
1717 3692 1800 3741 vel
1822 3696 1959 3742 torva
1992 3693 2220 3743 Florent.
2284 3696 2417 3742 torva
2443 3692 2671 3751 Gesn.—‚-

1439 3857 1489 3907 N
1496 3856 1653 3908 01¹AE

463 3998 467 4005 ·
512 3971 611 4017 510
650 3967 822 4031 Error]
886 3969 941 4019 Si
966 3970 1079 4036 quis
1096 4008 1099 4011 -
1102 3971 1269 4035 judex
1293 3972 1520 4021 veliam
1597 3970 1838 4020 crederet
1872 3970 2121 4035 juvenem
2160 3984 2291 4035 esse,
2312 3968 2401 4035 qui
2442 3975 2552 4021 tam
2590 3985 2669 4020 sa-

446 4044 616 4095 tillum
635 4045 912 4111 erraverit,
948 4047 1002 4096 id
1039 4048 1132 4098 sub
1157 4056 1209 4099 te
1232 4051 1519 4114 non-negli-
1595 4049 1800 4112 plenter
1821 4055 2028 4112 tamque
2049 4047 2280 4110 graviter
2302 4047 2557 4110 loquatur.
2599 4078 2606 4081 ·

449 4120 606 4185 gitur.
644 4121 668 4138 ·’
1339 4155 1344 4161 ·
1662 4130 1759 4175 518
1783 4124 1990 4187 Rudini]
2015 4124 2177 4176 Quasi
2201 4123 2252 4172 in
2280 4123 2500 4173 Honorii
2521 4119 2670 4173 vultu

465 4194 469 4198 ’
513 4202 611 4248 516
643 4200 839 4263 Modus]
871 4201 970 4250 Vel
996 4202 1260 4266 leposffel
1282 4203 1526 4253 mouera«
1597 4202 1771 4253 divina
1799 4203 2034 4268 quaedam
2051 4200 2324 4252 Theodosii
2346 4202 2522 4266 magni
2544 4203 2671 4252 ima-

446 4272 542 4337 tio‚
565 4275 646 4324 vel
670 4276 894 4339 gravitas
918 4278 1151 4342 quaedam
1175 4280 1436 4330 sermonis.
1598 4296 1664 4346 go
1688 4280 1893 4328 radiare
1916 4279 2172 4330 videatur.
2662 4308 2671 4318 .

514 4353 611 4407 517
643 4349 811 4416 Latet]
844 4351 995 4404 Adeo
1018 4360 1077 4405 ut
1099 4355 1212 4421 quis
1235 4369 1336 4405 non
1360 4355 1515 4407 facile
1670 4356 1916 4422 Voluptas]
1964 4356 2088 4423 Ipsa
2110 4356 2311 4422 species
2334 4354 2522 4407 frontis
2545 4357 2673 4422 fuse,
