<?xml version="1.0" encoding="UTF-8"?>
<!DOCTYPE html PUBLIC "-//W3C//DTD XHTML 1.0 Transitional//EN"
    "http://www.w3.org/TR/xhtml1/DTD/xhtml1-transitional.dtd">
<html xmlns="http://www.w3.org/1999/xhtml" xml:lang="en" lang="en">
 <head>
  <title>
</title>
<meta http-equiv="Content-Type" content="text/html;charset=utf-8" />
  <meta name='ocr-system' content='tesseract 3.04.00' />
  <meta name='ocr-capabilities' content='ocr_page ocr_carea ocr_par ocr_line ocrx_word'/>
</head>
<body>
  <div class='ocr_page' id='page_1' title='image "./operaomniavolum00claugoog_0197.png"; bbox 0 0 2925 4928; ppageno 0'>
   <div class='ocr_carea' id='block_1_1' title="bbox 900 393 2436 464">
    <p class='ocr_par' dir='ltr' id='par_1_1' title="bbox 900 393 2436 464">
     <span class='ocr_line' id='line_1_1' title="bbox 900 393 2436 464; baseline 0.003 -5"><span class='ocrx_word' id='word_1_1' title='bbox 900 407 994 463; x_wconf 60' lang='lat' dir='ltr'><strong>‘m</strong></span> <span class='ocrx_word' id='word_1_2' title='bbox 1043 410 1398 463; x_wconf 65' lang='lat' dir='ltr'><strong>numium</strong></span> <span class='ocrx_word' id='word_1_3' title='bbox 1443 409 1595 463; x_wconf 75' lang='lat' dir='ltr'><strong>mn.</strong></span> <span class='ocrx_word' id='word_1_4' title='bbox 1640 410 1723 461; x_wconf 88' lang='lat'><strong>11.</strong></span> <span class='ocrx_word' id='word_1_5' title='bbox 2298 393 2436 464; x_wconf 70' lang='lat'><strong>179</strong></span> 
     </span>
    </p>
   </div>
   <div class='ocr_carea' id='block_1_2' title="bbox 217 558 2062 1463">
    <p class='ocr_par' dir='ltr' id='par_1_2' title="bbox 217 558 1591 644">
     <span class='ocr_line' id='line_1_2' title="bbox 217 558 1591 644; baseline -0.001 -19"><span class='ocrx_word' id='word_1_6' title='bbox 217 558 280 625; x_wconf 79' lang='lat' dir='ltr'>A</span> <span class='ocrx_word' id='word_1_7' title='bbox 305 565 493 643; x_wconf 84' lang='lat' dir='ltr'><strong>tergo</strong></span> <span class='ocrx_word' id='word_1_8' title='bbox 518 558 763 636; x_wconf 84' lang='lat' dir='ltr'><strong>flexus,</strong></span> <span class='ocrx_word' id='word_1_9' title='bbox 785 558 1250 644; x_wconf 81' lang='lat' dir='ltr'><strong>insperatoque</strong></span> <span class='ocrx_word' id='word_1_10' title='bbox 1280 576 1591 642; x_wconf 83' lang='lat' dir='ltr'><strong>suprema</strong></span> 
     </span>
    </p>

    <p class='ocr_par' dir='ltr' id='par_1_3' title="bbox 219 660 2062 849">
     <span class='ocr_line' id='line_1_3' title="bbox 220 660 2062 749; baseline 0.001 -21"><span class='ocrx_word' id='word_1_11' title='bbox 220 660 519 728; x_wconf 87' lang='lat' dir='ltr'><strong>Circuitu</strong></span> <span class='ocrx_word' id='word_1_12' title='bbox 549 660 806 727; x_wconf 89' lang='lat' dir='ltr'><strong>sociare</strong></span> <span class='ocrx_word' id='word_1_13' title='bbox 836 668 1097 745; x_wconf 85' lang='lat' dir='ltr'><strong>parant.</strong></span> <span class='ocrx_word' id='word_1_14' title='bbox 1189 661 1589 726; x_wconf 84' lang='lat' dir='ltr'><strong>Decrescere</strong></span> <span class='ocrx_word' id='word_1_15' title='bbox 1618 674 1901 749; x_wconf 83' lang='lat' dir='ltr'><strong>campus</strong></span> <span class='ocrx_word' id='word_1_16' title='bbox 1985 732 1990 737; x_wconf 83' lang='grc'><em>,</em></span> <span class='ocrx_word' id='word_1_17' title='bbox 2055 724 2062 730; x_wconf 86' lang='grc'><strong>.</strong></span> 
     </span>
     <span class='ocr_line' id='line_1_4' title="bbox 219 764 1715 849; baseline 0.001 -19"><span class='ocrx_word' id='word_1_18' title='bbox 219 764 491 849; x_wconf 86' lang='lat' dir='ltr'><strong>Incipit,</strong></span> <span class='ocrx_word' id='word_1_19' title='bbox 518 771 588 830; x_wconf 93' lang='lat' dir='ltr'><strong>et</strong></span> <span class='ocrx_word' id='word_1_20' title='bbox 613 766 873 849; x_wconf 87' lang='lat' dir='ltr'><strong>clypeis</strong></span> <span class='ocrx_word' id='word_1_21' title='bbox 902 765 973 830; x_wconf 92' lang='lat' dir='ltr'><strong>in</strong></span> <span class='ocrx_word' id='word_1_22' title='bbox 1000 785 1074 829; x_wconf 91' lang='lat' dir='ltr'><strong>se</strong></span> <span class='ocrx_word' id='word_1_23' title='bbox 1101 765 1441 829; x_wconf 83' lang='lat' dir='ltr'><strong>redeuntia</strong></span> <span class='ocrx_word' id='word_1_24' title='bbox 1457 764 1715 849; x_wconf 78' lang='lat' dir='ltr'><strong>junctis</strong></span> 
     </span>
    </p>

    <p class='ocr_par' dir='ltr' id='par_1_4' title="bbox 222 864 1717 950">
     <span class='ocr_line' id='line_1_5' title="bbox 222 864 1717 950; baseline 0.001 -18"><span class='ocrx_word' id='word_1_25' title='bbox 222 864 442 933; x_wconf 84' lang='lat' dir='ltr'><strong>Curvo</strong></span> <span class='ocrx_word' id='word_1_26' title='bbox 471 867 795 950; x_wconf 85' lang='lat' dir='ltr'><strong>paulatim</strong></span> <span class='ocrx_word' id='word_1_27' title='bbox 827 867 1170 932; x_wconf 89' lang='lat' dir='ltr'><strong>sinuantur</strong></span> <span class='ocrx_word' id='word_1_28' title='bbox 1199 887 1454 932; x_wconf 89' lang='lat' dir='ltr'><strong>cornua</strong></span> <span class='ocrx_word' id='word_1_29' title='bbox 1483 868 1717 934; x_wconf 89' lang='lat' dir='ltr'><strong>ductu.</strong></span> 
     </span>
    </p>

    <p class='ocr_par' dir='ltr' id='par_1_5' title="bbox 219 969 1889 1463">
     <span class='ocr_line' id='line_1_6' title="bbox 219 969 1721 1053; baseline 0.002 -19"><span class='ocrx_word' id='word_1_30' title='bbox 219 969 329 1036; x_wconf 92' lang='lat' dir='ltr'><strong>Sic</strong></span> <span class='ocrx_word' id='word_1_31' title='bbox 355 972 525 1053; x_wconf 90' lang='lat' dir='ltr'><strong>ligat</strong></span> <span class='ocrx_word' id='word_1_32' title='bbox 545 970 872 1035; x_wconf 89' lang='lat' dir='ltr'><strong>immensa</strong></span> <span class='ocrx_word' id='word_1_33' title='bbox 899 971 1146 1036; x_wconf 88' lang='lat' dir='ltr'><strong>virides</strong></span> <span class='ocrx_word' id='word_1_34' title='bbox 1171 971 1480 1053; x_wconf 84' lang='lat' dir='ltr'><strong>indagine</strong></span> <span class='ocrx_word' id='word_1_35' title='bbox 1511 972 1721 1037; x_wconf 89' lang='lat' dir='ltr'><strong>saltus</strong></span> 
     </span>
     <span class='ocr_line' id='line_1_7' title="bbox 221 1072 1665 1157; baseline 0 -20"><span class='ocrx_word' id='word_1_36' title='bbox 221 1072 557 1138; x_wconf 81' lang='lat' dir='ltr'><strong>Venator:</strong></span> <span class='ocrx_word' id='word_1_37' title='bbox 604 1073 705 1136; x_wconf 90' lang='lat' dir='ltr'><strong>sic</strong></span> <span class='ocrx_word' id='word_1_38' title='bbox 736 1074 1046 1137; x_wconf 88' lang='lat' dir='ltr'><strong>attonitos</strong></span> <span class='ocrx_word' id='word_1_39' title='bbox 1078 1073 1167 1137; x_wconf 89' lang='lat' dir='ltr'><strong>ad</strong></span> <span class='ocrx_word' id='word_1_40' title='bbox 1192 1073 1414 1138; x_wconf 84' lang='lat' dir='ltr'><strong>littora</strong></span> <span class='ocrx_word' id='word_1_41' title='bbox 1435 1075 1665 1157; x_wconf 84' lang='lat' dir='ltr'><strong>pisces</strong></span> 
     </span>
     <span class='ocr_line' id='line_1_8' title="bbox 223 1173 1889 1259; baseline 0.002 -22"><span class='ocrx_word' id='word_1_42' title='bbox 223 1173 604 1256; x_wconf 83' lang='lat' dir='ltr'><strong>AEquoreus</strong></span> <span class='ocrx_word' id='word_1_43' title='bbox 632 1175 981 1259; x_wconf 83' lang='lat' dir='ltr'><strong>populator</strong></span> <span class='ocrx_word' id='word_1_44' title='bbox 1010 1175 1172 1257; x_wconf 88' lang='lat' dir='ltr'><strong>agit,</strong></span> <span class='ocrx_word' id='word_1_45' title='bbox 1204 1194 1521 1258; x_wconf 87' lang='lat' dir='ltr'><strong>rarosque</strong></span> <span class='ocrx_word' id='word_1_46' title='bbox 1543 1175 1889 1259; x_wconf 80' lang='lat' dir='ltr'><strong>plagarum</strong></span> 
     </span>
     <span class='ocr_line' id='line_1_9' title="bbox 224 1273 1839 1358; baseline 0.002 -18"><span class='ocrx_word' id='word_1_47' title='bbox 224 1273 567 1341; x_wconf 79' lang='lat' dir='ltr'><strong>contrahit</strong></span> <span class='ocrx_word' id='word_1_48' title='bbox 595 1275 958 1354; x_wconf 89' lang='lat' dir='ltr'><strong>anfractus,</strong></span> <span class='ocrx_word' id='word_1_49' title='bbox 993 1282 1060 1341; x_wconf 91' lang='lat' dir='ltr'><strong>et</strong></span> <span class='ocrx_word' id='word_1_50' title='bbox 1086 1276 1350 1341; x_wconf 82' lang='lat' dir='ltr'><strong>hiantes</strong></span> <span class='ocrx_word' id='word_1_51' title='bbox 1379 1277 1638 1358; x_wconf 86' lang='lat' dir='ltr'><strong>colligit</strong></span> <span class='ocrx_word' id='word_1_52' title='bbox 1662 1296 1839 1343; x_wconf 85' lang='lat' dir='ltr'><strong>oras.</strong></span> 
     </span>
     <span class='ocr_line' id='line_1_10' title="bbox 221 1375 1635 1463; baseline 0.001 -21"><span class='ocrx_word' id='word_1_53' title='bbox 221 1375 614 1443; x_wconf 84' lang='lat' dir='ltr'><strong>Excludunt</strong></span> <span class='ocrx_word' id='word_1_54' title='bbox 640 1379 849 1445; x_wconf 84' lang='lat' dir='ltr'><strong>alios:</strong></span> <span class='ocrx_word' id='word_1_55' title='bbox 896 1381 1072 1463; x_wconf 88' lang='lat' dir='ltr'><strong>cingi</strong></span> <span class='ocrx_word' id='word_1_56' title='bbox 1096 1400 1170 1444; x_wconf 90' lang='lat' dir='ltr'><strong>se</strong></span> <span class='ocrx_word' id='word_1_57' title='bbox 1195 1379 1492 1444; x_wconf 82' lang='lat' dir='ltr'><strong>fervidus</strong></span> <span class='ocrx_word' id='word_1_58' title='bbox 1524 1379 1635 1444; x_wconf 92' lang='lat' dir='ltr'><strong>ille</strong></span> 
     </span>
    </p>
   </div>
   <div class='ocr_carea' id='block_1_3' title="bbox 221 1478 2147 1770">
    <p class='ocr_par' dir='ltr' id='par_1_6' title="bbox 221 1478 2147 1770">
     <span class='ocr_line' id='line_1_11' title="bbox 223 1478 2147 1566; baseline 0.002 -22"><span class='ocrx_word' id='word_1_59' title='bbox 223 1478 461 1546; x_wconf 88' lang='lat' dir='ltr'><strong>Nescit</strong></span> <span class='ocrx_word' id='word_1_60' title='bbox 489 1481 730 1560; x_wconf 88' lang='lat' dir='ltr'><strong>adhuc,</strong></span> <span class='ocrx_word' id='word_1_61' title='bbox 760 1482 1174 1566; x_wconf 89' lang='lat' dir='ltr'><strong>graviterque</strong></span> <span class='ocrx_word' id='word_1_62' title='bbox 1205 1500 1545 1565; x_wconf 87' lang='lat' dir='ltr'><strong>apprensa</strong></span> <span class='ocrx_word' id='word_1_63' title='bbox 1573 1486 1757 1546; x_wconf 91' lang='lat' dir='ltr'><strong>veste</strong></span> <span class='ocrx_word' id='word_1_64' title='bbox 1784 1485 2147 1547; x_wconf 86' lang='lat' dir='ltr'><strong>morantem</strong></span> 
     </span>
     <span class='ocr_line' id='line_1_12' title="bbox 223 1579 1969 1666; baseline 0.002 -22"><span class='ocrx_word' id='word_1_65' title='bbox 223 1579 532 1666; x_wconf 86' lang='lat' dir='ltr'><strong>Increpat</strong></span> <span class='ocrx_word' id='word_1_66' title='bbox 560 1581 976 1665; x_wconf 85' lang='lat' dir='ltr'><strong>Augustum:</strong></span> <span class='ocrx_word' id='word_1_67' title='bbox 1021 1583 1310 1648; x_wconf 88' lang='lat' dir='ltr'><strong>scandat</strong></span> <span class='ocrx_word' id='word_1_68' title='bbox 1338 1583 1618 1647; x_wconf 89' lang='lat' dir='ltr'><strong>sublime</strong></span> <span class='ocrx_word' id='word_1_69' title='bbox 1648 1583 1969 1648; x_wconf 80' lang='lat' dir='ltr'><strong>tribunal:</strong></span> 
     </span>
     <span class='ocr_line' id='line_1_13' title="bbox 221 1684 1863 1770; baseline 0.002 -22"><span class='ocrx_word' id='word_1_70' title='bbox 221 1684 637 1770; x_wconf 88' lang='lat' dir='ltr'><strong>Participem</strong></span> <span class='ocrx_word' id='word_1_71' title='bbox 665 1685 932 1770; x_wconf 86' lang='lat' dir='ltr'><strong>sceptri,</strong></span> <span class='ocrx_word' id='word_1_72' title='bbox 964 1687 1226 1752; x_wconf 89' lang='lat' dir='ltr'><strong>socium</strong></span> <span class='ocrx_word' id='word_1_73' title='bbox 1256 1685 1546 1751; x_wconf 88' lang='lat' dir='ltr'><strong>declaret</strong></span> <span class='ocrx_word' id='word_1_74' title='bbox 1566 1687 1863 1751; x_wconf 78' lang='lat' dir='ltr'><strong>honoris,</strong></span> 
     </span>
    </p>
   </div>
   <div class='ocr_carea' id='block_1_4' title="bbox 2293 868 2426 937">
    <p class='ocr_par' dir='ltr' id='par_1_7' title="bbox 2293 868 2426 937">
     <span class='ocr_line' id='line_1_14' title="bbox 2293 868 2426 937; baseline -0.015 1"><span class='ocrx_word' id='word_1_75' title='bbox 2293 868 2426 937; x_wconf 79' lang='lat'><strong>3¹75</strong></span> 
     </span>
    </p>
   </div>
   <div class='ocr_carea' id='block_1_5' title="bbox 2301 1379 2434 1451">
    <p class='ocr_par' dir='ltr' id='par_1_8' title="bbox 2301 1379 2434 1451">
     <span class='ocr_line' id='line_1_15' title="bbox 2301 1379 2434 1451; baseline 0 0"><span class='ocrx_word' id='word_1_76' title='bbox 2301 1379 2434 1451; x_wconf 81' lang='lat'><strong>380</strong></span> 
     </span>
    </p>
   </div>
   <div class='ocr_carea' id='block_1_6' title="bbox 172 1831 2438 2293">
    <p class='ocr_par' dir='ltr' id='par_1_9' title="bbox 172 1831 2438 2293">
     <span class='ocr_line' id='line_1_16' title="bbox 223 1831 2417 1901; baseline 0.002 -19"><span class='ocrx_word' id='word_1_77' title='bbox 223 1831 375 1883; x_wconf 70' lang='lat' dir='ltr'><strong>cuitu-s</strong></span> <span class='ocrx_word' id='word_1_78' title='bbox 409 1833 596 1898; x_wconf 77' lang='lat' dir='ltr'><strong>longos,</strong></span> <span class='ocrx_word' id='word_1_79' title='bbox 635 1840 684 1884; x_wconf 84' lang='lat' dir='ltr'><strong>et</strong></span> <span class='ocrx_word' id='word_1_80' title='bbox 714 1834 991 1898; x_wconf 57' lang='lat' dir='ltr'><strong>coniungere</strong></span> <span class='ocrx_word' id='word_1_81' title='bbox 1029 1838 1200 1886; x_wconf 76' lang='lat' dir='ltr'><strong>ultima</strong></span> <span class='ocrx_word' id='word_1_82' title='bbox 1235 1835 1440 1899; x_wconf 78' lang='lat' dir='ltr'><strong>agmina</strong></span> <span class='ocrx_word' id='word_1_83' title='bbox 1473 1850 1595 1900; x_wconf 74' lang='lat' dir='ltr'><strong>gyro</strong></span> <span class='ocrx_word' id='word_1_84' title='bbox 1626 1837 1957 1900; x_wconf 76' lang='lat' dir='ltr'><strong>inexpectato.-</strong></span> <span class='ocrx_word' id='word_1_85' title='bbox 2009 1835 2229 1900; x_wconf 86' lang='lat' dir='ltr'><strong>spatium</strong></span> <span class='ocrx_word' id='word_1_86' title='bbox 2260 1836 2417 1901; x_wconf 77' lang='lat' dir='ltr'><strong>canspi</strong></span> 
     </span>
     <span class='ocr_line' id='line_1_17' title="bbox 223 1899 2429 1964; baseline 0.002 -18"><span class='ocrx_word' id='word_1_87' title='bbox 223 1899 357 1960; x_wconf 81' lang='lat' dir='ltr'><strong>coepit</strong></span> <span class='ocrx_word' id='word_1_88' title='bbox 379 1899 535 1948; x_wconf 76' lang='lat' dir='ltr'><strong>videri</strong></span> <span class='ocrx_word' id='word_1_89' title='bbox 557 1900 731 1964; x_wconf 78' lang='lat' dir='ltr'><strong>minas,</strong></span> <span class='ocrx_word' id='word_1_90' title='bbox 765 1907 812 1950; x_wconf 85' lang='lat' dir='ltr'><strong>et</strong></span> <span class='ocrx_word' id='word_1_91' title='bbox 846 1904 939 1950; x_wconf 67' lang='grc' dir='ltr'><strong>αισι</strong></span> <span class='ocrx_word' id='word_1_92' title='bbox 973 1907 1262 1952; x_wconf 79' lang='lat' dir='ltr'><strong>revertentes</strong></span> <span class='ocrx_word' id='word_1_93' title='bbox 1279 1903 1333 1951; x_wconf 73' lang='lat' dir='ltr'><strong>in</strong></span> <span class='ocrx_word' id='word_1_94' title='bbox 1351 1917 1402 1951; x_wconf 82' lang='lat' dir='ltr'><strong>se</strong></span> <span class='ocrx_word' id='word_1_95' title='bbox 1420 1905 1572 1951; x_wconf 76' lang='lat' dir='ltr'><strong>scutis</strong></span> <span class='ocrx_word' id='word_1_96' title='bbox 1587 1902 1846 1962; x_wconf 55' lang='lat' dir='ltr'><strong>comni-tis</strong></span> <span class='ocrx_word' id='word_1_97' title='bbox 1884 1901 2048 1950; x_wconf 69' lang='lat' dir='ltr'><strong>coeant</strong></span> <span class='ocrx_word' id='word_1_98' title='bbox 2078 1901 2247 1950; x_wconf 74' lang='lat' dir='ltr'><strong>sessim</strong></span> <span class='ocrx_word' id='word_1_99' title='bbox 2266 1906 2429 1951; x_wconf 69' lang='lat' dir='ltr'><strong>tractu</strong></span> 
     </span>
     <span class='ocr_line' id='line_1_18' title="bbox 222 1964 2431 2029; baseline 0.004 -19"><span class='ocrx_word' id='word_1_100' title='bbox 222 1976 375 2011; x_wconf 72' lang='lat' dir='ltr'><strong>curvo.</strong></span> <span class='ocrx_word' id='word_1_101' title='bbox 410 1964 495 2017; x_wconf 84' lang='lat' dir='ltr'><strong>Ita</strong></span> <span class='ocrx_word' id='word_1_102' title='bbox 514 1970 713 2014; x_wconf 79' lang='lat' dir='ltr'><strong>venator</strong></span> <span class='ocrx_word' id='word_1_103' title='bbox 728 1965 883 2026; x_wconf 81' lang='lat' dir='ltr'><strong>cingit</strong></span> <span class='ocrx_word' id='word_1_104' title='bbox 903 1981 1092 2015; x_wconf 74' lang='lat' dir='ltr'><strong>nemora</strong></span> <span class='ocrx_word' id='word_1_105' title='bbox 1109 1966 1373 2016; x_wconf 72' lang='lat' dir='ltr'><strong>viridantia</strong></span> <span class='ocrx_word' id='word_1_106' title='bbox 1394 1966 1572 2015; x_wconf 79' lang='lat' dir='ltr'><strong>retibus</strong></span> <span class='ocrx_word' id='word_1_107' title='bbox 1584 1967 1833 2016; x_wconf 75' lang='lat' dir='ltr'><strong>maximis:</strong></span> <span class='ocrx_word' id='word_1_108' title='bbox 1864 1967 1936 2015; x_wconf 78' lang='lat' dir='ltr'><strong>ita</strong></span> <span class='ocrx_word' id='word_1_109' title='bbox 1954 1969 2196 2029; x_wconf 78' lang='lat' dir='ltr'><strong>proedator</strong></span> <span class='ocrx_word' id='word_1_110' title='bbox 2220 1966 2431 2018; x_wconf 69' lang='lat' dir='ltr'><strong>marinus</strong></span> 
     </span>
     <span class='ocr_line' id='line_1_19' title="bbox 224 2025 2438 2095; baseline 0.002 -20"><span class='ocrx_word' id='word_1_111' title='bbox 224 2025 424 2090; x_wconf 76' lang='lat' dir='ltr'><strong>impellit</strong></span> <span class='ocrx_word' id='word_1_112' title='bbox 443 2030 509 2077; x_wconf 84' lang='lat' dir='ltr'><strong>ad</strong></span> <span class='ocrx_word' id='word_1_113' title='bbox 528 2029 696 2079; x_wconf 79' lang='lat' dir='ltr'><strong>littora</strong></span> <span class='ocrx_word' id='word_1_114' title='bbox 721 2030 874 2093; x_wconf 77' lang='lat' dir='ltr'><strong>pisces</strong></span> <span class='ocrx_word' id='word_1_115' title='bbox 893 2030 1253 2095; x_wconf 56' lang='lat' dir='ltr'><strong>minusue-tos,</strong></span> <span class='ocrx_word' id='word_1_116' title='bbox 1274 2037 1324 2081; x_wconf 81' lang='lat' dir='ltr'><strong>et</strong></span> <span class='ocrx_word' id='word_1_117' title='bbox 1339 2032 1597 2093; x_wconf 69' lang='lat' dir='ltr'><strong>congregat</strong></span> <span class='ocrx_word' id='word_1_118' title='bbox 1627 2046 1762 2080; x_wconf 79' lang='lat' dir='ltr'><strong>raros</strong></span> <span class='ocrx_word' id='word_1_119' title='bbox 1781 2032 2010 2080; x_wconf 77' lang='lat' dir='ltr'><strong>circuitus</strong></span> <span class='ocrx_word' id='word_1_120' title='bbox 2028 2032 2215 2093; x_wconf 80' lang='lat' dir='ltr'><strong>retiam,</strong></span> <span class='ocrx_word' id='word_1_121' title='bbox 2244 2036 2294 2080; x_wconf 72' lang='lat' dir='ltr'><strong>ei</strong></span> <span class='ocrx_word' id='word_1_122' title='bbox 2313 2044 2438 2080; x_wconf 79' lang='lat' dir='ltr'><strong>com·</strong></span> 
     </span>
     <span class='ocr_line' id='line_1_20' title="bbox 222 2091 2438 2158; baseline 0.002 -17"><span class='ocrx_word' id='word_1_123' title='bbox 222 2091 366 2154; x_wconf 71' lang='lat' dir='ltr'><strong>plicat</strong></span> <span class='ocrx_word' id='word_1_124' title='bbox 377 2092 626 2154; x_wconf 74' lang='lat' dir='ltr'><strong>foramina</strong></span> <span class='ocrx_word' id='word_1_125' title='bbox 647 2095 950 2146; x_wconf 72' lang='lat' dir='ltr'><strong>dehiscentia.</strong></span> <span class='ocrx_word' id='word_1_126' title='bbox 1017 2096 1215 2146; x_wconf 80' lang='lat' dir='ltr'><strong>Milites</strong></span> <span class='ocrx_word' id='word_1_127' title='bbox 1238 2102 1400 2146; x_wconf 74' lang='lat' dir='ltr'><strong>arcent</strong></span> <span class='ocrx_word' id='word_1_128' title='bbox 1430 2102 1641 2145; x_wconf 78' lang='lat' dir='ltr'><strong>ceteros.-</strong></span> <span class='ocrx_word' id='word_1_129' title='bbox 1672 2097 1754 2145; x_wconf 82' lang='lat' dir='ltr'><strong>ille</strong></span> <span class='ocrx_word' id='word_1_130' title='bbox 1790 2098 1961 2145; x_wconf 77' lang='lat' dir='ltr'><strong>ardens</strong></span> <span class='ocrx_word' id='word_1_131' title='bbox 1994 2096 2208 2145; x_wconf 83' lang='lat' dir='ltr'><strong>Rufinus</strong></span> <span class='ocrx_word' id='word_1_132' title='bbox 2245 2096 2438 2158; x_wconf 64' lang='lat' dir='ltr'><strong>ignor-d</strong></span> 
     </span>
     <span class='ocr_line' id='line_1_21' title="bbox 224 2157 2438 2225; baseline 0.001 -19"><span class='ocrx_word' id='word_1_133' title='bbox 224 2157 374 2207; x_wconf 65' lang='lat' dir='ltr'><strong>adhue</strong></span> <span class='ocrx_word' id='word_1_134' title='bbox 395 2172 447 2208; x_wconf 87' lang='lat' dir='ltr'><strong>se</strong></span> <span class='ocrx_word' id='word_1_135' title='bbox 487 2158 837 2223; x_wconf 76' lang='lat' dir='ltr'><strong>circumveniri,</strong></span> <span class='ocrx_word' id='word_1_136' title='bbox 878 2167 928 2211; x_wconf 82' lang='lat' dir='ltr'><strong>et</strong></span> <span class='ocrx_word' id='word_1_137' title='bbox 964 2175 1196 2224; x_wconf 67' lang='lat' dir='ltr'><strong>oppressa</strong></span> <span class='ocrx_word' id='word_1_138' title='bbox 1231 2165 1378 2223; x_wconf 78' lang='lat' dir='ltr'><strong>veste,</strong></span> <span class='ocrx_word' id='word_1_139' title='bbox 1414 2163 1551 2211; x_wconf 72' lang='lat' dir='ltr'><strong>valde</strong></span> <span class='ocrx_word' id='word_1_140' title='bbox 1587 2161 1811 2223; x_wconf 56' lang='lat' dir='ltr'><strong>olziurgat</strong></span> <span class='ocrx_word' id='word_1_141' title='bbox 1852 2162 2205 2225; x_wconf 71' lang='lat' dir='ltr'><strong>Imperatorem,</strong></span> <span class='ocrx_word' id='word_1_142' title='bbox 2245 2168 2304 2211; x_wconf 85' lang='lat' dir='ltr'><strong>ut</strong></span> <span class='ocrx_word' id='word_1_143' title='bbox 2341 2160 2438 2210; x_wconf 87' lang='lat' dir='ltr'><strong>sci-</strong></span> 
     </span>
     <span class='ocr_line' id='line_1_22' title="bbox 172 2220 2434 2293; baseline 0.002 -22"><span class='ocrx_word' id='word_1_144' title='bbox 172 2292 177 2293; x_wconf 10' lang='grc' dir='ltr'><em>γ</em></span> <span class='ocrx_word' id='word_1_145' title='bbox 226 2220 347 2273; x_wconf 86' lang='lat' dir='ltr'><strong>licet</strong></span> <span class='ocrx_word' id='word_1_146' title='bbox 367 2225 883 2285; x_wconf 77' lang='lat' dir='ltr'><strong>conscendatlribanal</strong></span> <span class='ocrx_word' id='word_1_147' title='bbox 900 2227 1152 2290; x_wconf 74' lang='lat' dir='ltr'><strong>excelsam,</strong></span> <span class='ocrx_word' id='word_1_148' title='bbox 1193 2233 1251 2276; x_wconf 87' lang='lat' dir='ltr'><strong>et</strong></span> <span class='ocrx_word' id='word_1_149' title='bbox 1285 2227 1535 2276; x_wconf 73' lang='lat' dir='ltr'><strong>denuntiet</strong></span> <span class='ocrx_word' id='word_1_150' title='bbox 1568 2226 1740 2291; x_wconf 89' lang='lat' dir='ltr'><strong>ipsum</strong></span> <span class='ocrx_word' id='word_1_151' title='bbox 1765 2224 2006 2276; x_wconf 86' lang='lat' dir='ltr'><strong>Rufinum</strong></span> <span class='ocrx_word' id='word_1_152' title='bbox 2044 2230 2306 2276; x_wconf 67' lang='lat' dir='ltr'><strong>consortem</strong></span> <span class='ocrx_word' id='word_1_153' title='bbox 2334 2226 2434 2277; x_wconf 83' lang='lat' dir='ltr'><strong>Im-</strong></span> 
     </span>
    </p>
   </div>
   <div class='ocr_carea' id='block_1_7' title="bbox 1150 2358 1512 2380">
    <p class='ocr_par' dir='ltr' id='par_1_10' title="bbox 1150 2358 1512 2380">
     <span class='ocr_line' id='line_1_23' title="bbox 1150 2358 1512 2380; baseline 0.008 -2"><span class='ocrx_word' id='word_1_154' title='bbox 1150 2358 1512 2380; x_wconf 49' lang='lat' dir='ltr'><strong>“omna“</strong></span> 
     </span>
    </p>
   </div>
   <div class='ocr_carea' id='block_1_8' title="bbox 225 2416 2445 3201">
    <p class='ocr_par' dir='ltr' id='par_1_11' title="bbox 225 2416 2445 3201">
     <span class='ocr_line' id='line_1_24' title="bbox 225 2416 2439 2488; baseline 0.003 -22"><span class='ocrx_word' id='word_1_155' title='bbox 225 2418 328 2467; x_wconf 78' lang='lat' dir='ltr'><strong>sec.</strong></span> <span class='ocrx_word' id='word_1_156' title='bbox 349 2416 485 2468; x_wconf 83' lang='lat' dir='ltr'><strong>Exc.</strong></span> <span class='ocrx_word' id='word_1_157' title='bbox 520 2419 838 2473; x_wconf 54' lang='lat' dir='ltr'><strong>Imm-372</strong></span> <span class='ocrx_word' id='word_1_158' title='bbox 855 2421 1024 2487; x_wconf 80' lang='lat' dir='ltr'><strong>flexas</strong></span> <span class='ocrx_word' id='word_1_159' title='bbox 1059 2430 1168 2473; x_wconf 81' lang='lat' dir='ltr'><strong>vet.</strong></span> <span class='ocrx_word' id='word_1_160' title='bbox 1212 2422 1341 2488; x_wconf 86' lang='lat' dir='ltr'><strong>Gyr.</strong></span> <span class='ocrx_word' id='word_1_161' title='bbox 1376 2423 1507 2474; x_wconf 82' lang='lat' dir='ltr'><strong>Exc.</strong></span> <span class='ocrx_word' id='word_1_162' title='bbox 1544 2423 1763 2473; x_wconf 84' lang='lat' dir='ltr'><strong>Lucens.</strong></span> <span class='ocrx_word' id='word_1_163' title='bbox 1802 2436 1907 2474; x_wconf 89' lang='lat' dir='ltr'><strong>sec.</strong></span> <span class='ocrx_word' id='word_1_164' title='bbox 1938 2422 2182 2486; x_wconf 76' lang='lat' dir='ltr'><strong>amplexus</strong></span> <span class='ocrx_word' id='word_1_165' title='bbox 2213 2420 2439 2486; x_wconf 76' lang='lat' dir='ltr'><strong>quinque</strong></span> 
     </span>
     <span class='ocr_line' id='line_1_25' title="bbox 226 2481 2440 2552; baseline 0.003 -22"><span class='ocrx_word' id='word_1_166' title='bbox 226 2481 343 2532; x_wconf 85' lang='lat' dir='ltr'><strong>Vat.</strong></span> <span class='ocrx_word' id='word_1_167' title='bbox 361 2483 483 2533; x_wconf 85' lang='lat' dir='ltr'><strong>Pal.</strong></span> <span class='ocrx_word' id='word_1_168' title='bbox 525 2486 678 2535; x_wconf 84' lang='lat' dir='ltr'><strong>Farn.</strong></span> <span class='ocrx_word' id='word_1_169' title='bbox 702 2486 845 2535; x_wconf 87' lang='lat' dir='ltr'><strong>Prie.</strong></span> <span class='ocrx_word' id='word_1_170' title='bbox 870 2488 1015 2537; x_wconf 89' lang='lat' dir='ltr'><strong>Rott.</strong></span> <span class='ocrx_word' id='word_1_171' title='bbox 1038 2486 1202 2538; x_wconf 88' lang='lat' dir='ltr'><strong>Oisel.</strong></span> <span class='ocrx_word' id='word_1_172' title='bbox 1235 2490 1562 2552; x_wconf 68' lang='lat' dir='ltr'><strong>imperataque</strong></span> <span class='ocrx_word' id='word_1_173' title='bbox 1581 2489 1901 2538; x_wconf 55' lang='lat' dir='ltr'><strong>Fara—3⁷3</strong></span> <span class='ocrx_word' id='word_1_174' title='bbox 1929 2492 2105 2551; x_wconf 74' lang='lat' dir='ltr'><strong>putant</strong></span> <span class='ocrx_word' id='word_1_175' title='bbox 2141 2501 2232 2549; x_wconf 90' lang='lat' dir='ltr'><strong>pro</strong></span> <span class='ocrx_word' id='word_1_176' title='bbox 2260 2490 2440 2550; x_wconf 76' lang='lat' dir='ltr'><strong>parant</strong></span> 
     </span>
     <span class='ocr_line' id='line_1_26' title="bbox 227 2545 2439 2618; baseline 0.002 -23"><span class='ocrx_word' id='word_1_177' title='bbox 227 2545 344 2598; x_wconf 83' lang='lat' dir='ltr'><strong>Vat.</strong></span> <span class='ocrx_word' id='word_1_178' title='bbox 367 2554 507 2606; x_wconf 63' lang='lat' dir='ltr'><strong>tert,</strong></span> <span class='ocrx_word' id='word_1_179' title='bbox 523 2564 591 2598; x_wconf 89' lang='lat' dir='ltr'><strong>m.</strong></span> <span class='ocrx_word' id='word_1_180' title='bbox 613 2556 854 2615; x_wconf 55' lang='lat' dir='ltr'><strong>pre-374</strong></span> <span class='ocrx_word' id='word_1_181' title='bbox 887 2552 1062 2601; x_wconf 80' lang='lat' dir='ltr'><strong>vinctis</strong></span> <span class='ocrx_word' id='word_1_182' title='bbox 1077 2552 1219 2603; x_wconf 88' lang='lat' dir='ltr'><strong>Med.</strong></span> <span class='ocrx_word' id='word_1_183' title='bbox 1238 2557 1573 2618; x_wconf 67' lang='lat' dir='ltr'><strong>quart—3⁷6</strong></span> <span class='ocrx_word' id='word_1_184' title='bbox 1604 2553 1812 2602; x_wconf 72' lang='lat' dir='ltr'><strong>inmenso</strong></span> <span class='ocrx_word' id='word_1_185' title='bbox 1837 2553 1980 2601; x_wconf 87' lang='lat' dir='ltr'><strong>Med.</strong></span> <span class='ocrx_word' id='word_1_186' title='bbox 2016 2558 2139 2601; x_wconf 87' lang='lat' dir='ltr'><strong>tert.</strong></span> <span class='ocrx_word' id='word_1_187' title='bbox 2173 2552 2299 2600; x_wconf 83' lang='lat' dir='ltr'><strong>Lov.</strong></span> <span class='ocrx_word' id='word_1_188' title='bbox 2321 2551 2439 2600; x_wconf 89' lang='lat' dir='ltr'><strong>Mo-</strong></span> 
     </span>
     <span class='ocr_line' id='line_1_27' title="bbox 225 2614 2439 2679; baseline 0.004 -20"><span class='ocrx_word' id='word_1_189' title='bbox 225 2617 324 2663; x_wconf 86' lang='lat' dir='ltr'><strong>ret.</strong></span> <span class='ocrx_word' id='word_1_190' title='bbox 365 2626 478 2663; x_wconf 83' lang='lat' dir='ltr'><strong>sec.</strong></span> <span class='ocrx_word' id='word_1_191' title='bbox 533 2614 741 2665; x_wconf 78' lang='lat' dir='ltr'><strong>inmersa</strong></span> <span class='ocrx_word' id='word_1_192' title='bbox 782 2618 910 2666; x_wconf 82' lang='lat' dir='ltr'><strong>Exc.</strong></span> <span class='ocrx_word' id='word_1_193' title='bbox 953 2617 1171 2667; x_wconf 85' lang='lat' dir='ltr'><strong>Gevart.</strong></span> <span class='ocrx_word' id='word_1_194' title='bbox 1222 2617 1434 2667; x_wconf 79' lang='lat' dir='ltr'><strong>immissa</strong></span> <span class='ocrx_word' id='word_1_195' title='bbox 1474 2619 1673 2668; x_wconf 77' lang='lat' dir='ltr'><strong>Venetos</strong></span> <span class='ocrx_word' id='word_1_196' title='bbox 1707 2632 1867 2679; x_wconf 85' lang='lat' dir='ltr'><strong>marg.</strong></span> <span class='ocrx_word' id='word_1_197' title='bbox 1909 2616 2077 2679; x_wconf 81' lang='lat' dir='ltr'><strong>Isingr</strong></span> <span class='ocrx_word' id='word_1_198' title='bbox 2135 2622 2188 2665; x_wconf 88' lang='lat' dir='ltr'><strong>et</strong></span> <span class='ocrx_word' id='word_1_199' title='bbox 2226 2614 2439 2668; x_wconf 74' lang='lat' dir='ltr'><strong>Marcil-</strong></span> 
     </span>
     <span class='ocr_line' id='line_1_28' title="bbox 230 2675 2443 2746; baseline 0.002 -21"><span class='ocrx_word' id='word_1_200' title='bbox 230 2675 474 2727; x_wconf 83' lang='lat' dir='ltr'><strong>Heinsius</strong></span> <span class='ocrx_word' id='word_1_201' title='bbox 499 2693 567 2727; x_wconf 83' lang='lat' dir='ltr'><strong>ex</strong></span> <span class='ocrx_word' id='word_1_202' title='bbox 590 2694 640 2732; x_wconf 83' lang='lat' dir='ltr'><strong>v,</strong></span> <span class='ocrx_word' id='word_1_203' title='bbox 667 2681 786 2730; x_wconf 88' lang='lat' dir='ltr'><strong>cod.</strong></span> <span class='ocrx_word' id='word_1_204' title='bbox 820 2681 1014 2731; x_wconf 73' lang='lat' dir='ltr'><strong>inmissa</strong></span> <span class='ocrx_word' id='word_1_205' title='bbox 1032 2683 1182 2746; x_wconf 85' lang='lat' dir='ltr'><strong>legit,</strong></span> <span class='ocrx_word' id='word_1_206' title='bbox 1216 2689 1272 2731; x_wconf 88' lang='lat' dir='ltr'><strong>et</strong></span> <span class='ocrx_word' id='word_1_207' title='bbox 1305 2683 1531 2733; x_wconf 87' lang='lat' dir='ltr'><strong>remittit</strong></span> <span class='ocrx_word' id='word_1_208' title='bbox 1555 2684 1804 2733; x_wconf 89' lang='lat' dir='ltr'><strong>lectorem</strong></span> <span class='ocrx_word' id='word_1_209' title='bbox 1829 2681 1896 2730; x_wconf 87' lang='lat' dir='ltr'><strong>ad</strong></span> <span class='ocrx_word' id='word_1_210' title='bbox 1930 2695 2010 2739; x_wconf 90' lang='lat' dir='ltr'><strong>ea,</strong></span> <span class='ocrx_word' id='word_1_211' title='bbox 2047 2695 2158 2745; x_wconf 85' lang='lat' dir='ltr'><strong>quae</strong></span> <span class='ocrx_word' id='word_1_212' title='bbox 2203 2679 2338 2729; x_wconf 85' lang='lat' dir='ltr'><strong>dixit</strong></span> <span class='ocrx_word' id='word_1_213' title='bbox 2372 2678 2443 2729; x_wconf 83' lang='lat' dir='ltr'><strong>ad</strong></span> 
     </span>
     <span class='ocr_line' id='line_1_29' title="bbox 228 2741 2441 2813; baseline 0.002 -22"><span class='ocrx_word' id='word_1_214' title='bbox 228 2741 383 2793; x_wconf 84' lang='lat' dir='ltr'><strong>Cous.</strong></span> <span class='ocrx_word' id='word_1_215' title='bbox 406 2743 560 2794; x_wconf 83' lang='lat' dir='ltr'><strong>Man.</strong></span> <span class='ocrx_word' id='word_1_216' title='bbox 581 2745 775 2798; x_wconf 82' lang='lat' dir='ltr'><strong>Theod.</strong></span> <span class='ocrx_word' id='word_1_217' title='bbox 806 2759 884 2796; x_wconf 84' lang='lat' dir='ltr'><strong>vs.</strong></span> <span class='ocrx_word' id='word_1_218' title='bbox 909 2750 1024 2797; x_wconf 78' lang='lat'><strong>332.</strong></span> <span class='ocrx_word' id='word_1_219' title='bbox 1047 2750 1062 2775; x_wconf 92' lang='lat'>‘</span> <span class='ocrx_word' id='word_1_220' title='bbox 1077 2748 1379 2813; x_wconf 80' lang='lat' dir='ltr'><strong>stagnaque</strong></span> <span class='ocrx_word' id='word_1_221' title='bbox 1403 2747 1682 2811; x_wconf 82' lang='lat' dir='ltr'><strong>remigibus</strong></span> <span class='ocrx_word' id='word_1_222' title='bbox 1706 2752 1945 2810; x_wconf 86' lang='lat' dir='ltr'><strong>spument</strong></span> <span class='ocrx_word' id='word_1_223' title='bbox 1957 2746 2178 2800; x_wconf 17' lang='lat' dir='ltr'><strong>,inmissa</strong></span> <span class='ocrx_word' id='word_1_224' title='bbox 2200 2741 2441 2795; x_wconf 65' lang='lat' dir='ltr'><strong>canoris!</strong></span> 
     </span>
     <span class='ocr_line' id='line_1_30' title="bbox 229 2808 2441 2875; baseline 0.001 -19"><span class='ocrx_word' id='word_1_225' title='bbox 229 2808 375 2857; x_wconf 74' lang='lat' dir='ltr'><strong>salttoe</strong></span> <span class='ocrx_word' id='word_1_226' title='bbox 415 2808 521 2857; x_wconf 90' lang='lat' dir='ltr'><strong>duo</strong></span> <span class='ocrx_word' id='word_1_227' title='bbox 556 2809 681 2859; x_wconf 86' lang='lat' dir='ltr'><strong>Vat.</strong></span> <span class='ocrx_word' id='word_1_228' title='bbox 716 2816 821 2861; x_wconf 81' lang='lat' dir='ltr'><strong>vet.</strong></span> <span class='ocrx_word' id='word_1_229' title='bbox 861 2811 990 2875; x_wconf 81' lang='lat' dir='ltr'><strong>Gyr.</strong></span> <span class='ocrx_word' id='word_1_230' title='bbox 1016 2812 1214 2861; x_wconf 84' lang='lat' dir='ltr'><strong>Mazar.</strong></span> <span class='ocrx_word' id='word_1_231' title='bbox 1246 2812 1368 2862; x_wconf 87' lang='lat' dir='ltr'><strong>Pat.</strong></span> <span class='ocrx_word' id='word_1_232' title='bbox 1392 2813 1627 2862; x_wconf 89' lang='lat' dir='ltr'><strong>Florent.</strong></span> <span class='ocrx_word' id='word_1_233' title='bbox 1667 2812 1813 2862; x_wconf 83' lang='lat' dir='ltr'><strong>Med.</strong></span> <span class='ocrx_word' id='word_1_234' title='bbox 1839 2826 1947 2860; x_wconf 84' lang='lat' dir='ltr'><strong>sec.</strong></span> <span class='ocrx_word' id='word_1_235' title='bbox 1968 2811 2089 2859; x_wconf 85' lang='lat' dir='ltr'><strong>Vat.</strong></span> <span class='ocrx_word' id='word_1_236' title='bbox 2119 2809 2287 2859; x_wconf 86' lang='lat' dir='ltr'><strong>Livin.</strong></span> <span class='ocrx_word' id='word_1_237' title='bbox 2308 2810 2441 2860; x_wconf 79' lang='lat' dir='ltr'><strong>Exc.</strong></span> 
     </span>
     <span class='ocr_line' id='line_1_31' title="bbox 229 2870 2442 2927; baseline 0.002 -7"><span class='ocrx_word' id='word_1_238' title='bbox 229 2870 450 2923; x_wconf 86' lang='lat' dir='ltr'><strong>Lucens.</strong></span> <span class='ocrx_word' id='word_1_239' title='bbox 477 2887 585 2923; x_wconf 88' lang='lat' dir='ltr'><strong>sec.</strong></span> <span class='ocrx_word' id='word_1_240' title='bbox 599 2875 726 2923; x_wconf 86' lang='lat' dir='ltr'><strong>Var.</strong></span> <span class='ocrx_word' id='word_1_241' title='bbox 751 2877 858 2925; x_wconf 88' lang='lat' dir='ltr'><strong>LL.</strong></span> <span class='ocrx_word' id='word_1_242' title='bbox 883 2875 966 2925; x_wconf 87' lang='lat' dir='ltr'><strong>ed.</strong></span> <span class='ocrx_word' id='word_1_243' title='bbox 984 2874 1144 2927; x_wconf 84' lang='lat' dir='ltr'><strong>Antv.</strong></span> <span class='ocrx_word' id='word_1_244' title='bbox 1175 2876 1321 2926; x_wconf 81' lang='lat' dir='ltr'><strong>silvas</strong></span> <span class='ocrx_word' id='word_1_245' title='bbox 1335 2884 1440 2927; x_wconf 87' lang='lat' dir='ltr'><strong>tres</strong></span> <span class='ocrx_word' id='word_1_246' title='bbox 1456 2878 1578 2926; x_wconf 81' lang='lat' dir='ltr'><strong>Vat.</strong></span> <span class='ocrx_word' id='word_1_247' title='bbox 1598 2878 1698 2925; x_wconf 92' lang='lat' dir='ltr'><strong>duo</strong></span> <span class='ocrx_word' id='word_1_248' title='bbox 1716 2876 1888 2927; x_wconf 82' lang='lat' dir='ltr'><strong>Oxou.</strong></span> <span class='ocrx_word' id='word_1_249' title='bbox 1908 2881 1963 2923; x_wconf 85' lang='lat' dir='ltr'><strong>et</strong></span> <span class='ocrx_word' id='word_1_250' title='bbox 1981 2876 2127 2924; x_wconf 85' lang='lat' dir='ltr'><strong>Leid.</strong></span> <span class='ocrx_word' id='word_1_251' title='bbox 2150 2874 2268 2923; x_wconf 87' lang='lat' dir='ltr'><strong>Pal.</strong></span> <span class='ocrx_word' id='word_1_252' title='bbox 2281 2875 2442 2924; x_wconf 75' lang='lat' dir='ltr'><strong>Fam.</strong></span> 
     </span>
     <span class='ocr_line' id='line_1_32' title="bbox 230 2934 2444 3002; baseline 0.001 -17"><span class='ocrx_word' id='word_1_253' title='bbox 230 2934 371 2987; x_wconf 84' lang='lat' dir='ltr'><strong>Prie.</strong></span> <span class='ocrx_word' id='word_1_254' title='bbox 405 2939 562 2987; x_wconf 81' lang='lat' dir='ltr'><strong>saltus</strong></span> <span class='ocrx_word' id='word_1_255' title='bbox 582 2940 666 2987; x_wconf 82' lang='lat' dir='ltr'><strong>vel</strong></span> <span class='ocrx_word' id='word_1_256' title='bbox 695 2940 841 2989; x_wconf 78' lang='lat' dir='ltr'><strong>silvas</strong></span> <span class='ocrx_word' id='word_1_257' title='bbox 876 2941 1001 2990; x_wconf 88' lang='lat' dir='ltr'><strong>Put.</strong></span> <span class='ocrx_word' id='word_1_258' title='bbox 1027 2943 1335 2991; x_wconf 59' lang='lat' dir='ltr'><strong>Rota—3⁷9</strong></span> <span class='ocrx_word' id='word_1_259' title='bbox 1369 2941 1554 2991; x_wconf 76' lang='lat' dir='ltr'><strong>hiantes</strong></span> <span class='ocrx_word' id='word_1_260' title='bbox 1572 2956 1677 2989; x_wconf 84' lang='lat' dir='ltr'><strong>oras</strong></span> <span class='ocrx_word' id='word_1_261' title='bbox 1698 2943 1788 2990; x_wconf 84' lang='lat' dir='ltr'><strong>vel</strong></span> <span class='ocrx_word' id='word_1_262' title='bbox 1804 2941 1990 2991; x_wconf 70' lang='lat' dir='ltr'><strong>hiantia</strong></span> <span class='ocrx_word' id='word_1_263' title='bbox 2009 2955 2094 2989; x_wconf 88' lang='lat' dir='ltr'><strong>ora</strong></span> <span class='ocrx_word' id='word_1_264' title='bbox 2113 2941 2244 3002; x_wconf 83' lang='lat' dir='ltr'><strong>Reg.</strong></span> <span class='ocrx_word' id='word_1_265' title='bbox 2268 2939 2444 2990; x_wconf 83' lang='lat' dir='ltr'><strong>Oxou.</strong></span> 
     </span>
     <span class='ocr_line' id='line_1_33' title="bbox 230 3003 2444 3069; baseline 0.002 -19"><span class='ocrx_word' id='word_1_266' title='bbox 230 3014 332 3051; x_wconf 79' lang='lat' dir='ltr'><strong>sec.</strong></span> <span class='ocrx_word' id='word_1_267' title='bbox 365 3004 541 3052; x_wconf 88' lang='lat' dir='ltr'><strong>multa</strong></span> <span class='ocrx_word' id='word_1_268' title='bbox 562 3003 750 3053; x_wconf 80' lang='lat' dir='ltr'><strong>desunt</strong></span> <span class='ocrx_word' id='word_1_269' title='bbox 784 3006 866 3055; x_wconf 85' lang='lat' dir='ltr'><strong>hic</strong></span> <span class='ocrx_word' id='word_1_270' title='bbox 889 3006 942 3054; x_wconf 90' lang='lat' dir='ltr'><strong>in</strong></span> <span class='ocrx_word' id='word_1_271' title='bbox 980 3007 1127 3056; x_wconf 86' lang='lat' dir='ltr'><strong>Leid.</strong></span> <span class='ocrx_word' id='word_1_272' title='bbox 1150 3011 1419 3057; x_wconf 66' lang='lat' dir='ltr'><strong>sem—380</strong></span> <span class='ocrx_word' id='word_1_273' title='bbox 1460 3007 1687 3056; x_wconf 79' lang='lat' dir='ltr'><strong>Excludit</strong></span> <span class='ocrx_word' id='word_1_274' title='bbox 1709 3007 1863 3055; x_wconf 78' lang='lat' dir='ltr'><strong>Farn.</strong></span> <span class='ocrx_word' id='word_1_275' title='bbox 1908 3005 2222 3069; x_wconf 76' lang='lat' dir='ltr'><strong>Excladitque</strong></span> <span class='ocrx_word' id='word_1_276' title='bbox 2242 3005 2444 3054; x_wconf 74' lang='lat' dir='ltr'><strong>Bonon-</strong></span> 
     </span>
     <span class='ocr_line' id='line_1_34' title="bbox 228 3067 2445 3135; baseline 0.001 -19"><span class='ocrx_word' id='word_1_277' title='bbox 228 3068 341 3130; x_wconf 59' lang='grc' dir='ltr'><strong>αεὶ</strong></span> <span class='ocrx_word' id='word_1_278' title='bbox 357 3068 490 3117; x_wconf 82' lang='lat' dir='ltr'><strong>Vat.</strong></span> <span class='ocrx_word' id='word_1_279' title='bbox 506 3068 671 3132; x_wconf 89' lang='lat' dir='ltr'><strong>quint.</strong></span> <span class='ocrx_word' id='word_1_280' title='bbox 700 3070 909 3135; x_wconf 71' lang='lat' dir='ltr'><strong>perfidas</strong></span> <span class='ocrx_word' id='word_1_281' title='bbox 929 3071 1224 3135; x_wconf 78' lang='lat' dir='ltr'><strong>Reg.-381</strong></span> <span class='ocrx_word' id='word_1_282' title='bbox 1255 3071 1490 3133; x_wconf 77' lang='lat' dir='ltr'><strong>graviter,</strong></span> <span class='ocrx_word' id='word_1_283' title='bbox 1508 3071 1618 3120; x_wconf 87' lang='lat' dir='ltr'><strong>sine</strong></span> <span class='ocrx_word' id='word_1_284' title='bbox 1639 3072 1844 3134; x_wconf 89' lang='lat' dir='ltr'><strong>copula,</strong></span> <span class='ocrx_word' id='word_1_285' title='bbox 1864 3070 2019 3121; x_wconf 86' lang='lat' dir='ltr'><strong>Farn.</strong></span> <span class='ocrx_word' id='word_1_286' title='bbox 2040 3070 2271 3119; x_wconf 81' lang='lat' dir='ltr'><strong>Floreat.</strong></span> <span class='ocrx_word' id='word_1_287' title='bbox 2294 3067 2445 3119; x_wconf 81' lang='lat' dir='ltr'><strong>Med.</strong></span> 
     </span>
     <span class='ocr_line' id='line_1_35' title="bbox 235 3134 2444 3201; baseline 0.002 -20"><span class='ocrx_word' id='word_1_288' title='bbox 235 3146 337 3182; x_wconf 82' lang='lat' dir='ltr'><strong>sec.</strong></span> <span class='ocrx_word' id='word_1_289' title='bbox 369 3147 646 3197; x_wconf 77' lang='lat' dir='ltr'><strong>comprensa</strong></span> <span class='ocrx_word' id='word_1_290' title='bbox 666 3138 792 3183; x_wconf 77' lang='lat' dir='ltr'><strong>veste</strong></span> <span class='ocrx_word' id='word_1_291' title='bbox 812 3135 1013 3185; x_wconf 85' lang='lat' dir='ltr'><strong>Thuan.</strong></span> <span class='ocrx_word' id='word_1_292' title='bbox 1045 3137 1276 3199; x_wconf 78' lang='lat' dir='ltr'><strong>deprensa</strong></span> <span class='ocrx_word' id='word_1_293' title='bbox 1314 3137 1459 3185; x_wconf 87' lang='lat' dir='ltr'><strong>Rott.</strong></span> <span class='ocrx_word' id='word_1_294' title='bbox 1495 3151 1713 3201; x_wconf 80' lang='lat' dir='ltr'><strong>oppressa</strong></span> <span class='ocrx_word' id='word_1_295' title='bbox 1737 3137 1934 3186; x_wconf 87' lang='lat' dir='ltr'><strong>Mazar.</strong></span> <span class='ocrx_word' id='word_1_296' title='bbox 1960 3135 2147 3184; x_wconf 83' lang='lat' dir='ltr'><strong>Petav.</strong></span> <span class='ocrx_word' id='word_1_297' title='bbox 2184 3148 2289 3183; x_wconf 88' lang='lat' dir='ltr'><strong>sec.</strong></span> <span class='ocrx_word' id='word_1_298' title='bbox 2312 3134 2444 3186; x_wconf 72' lang='lat' dir='ltr'><strong>Exc-</strong></span> 
     </span>
    </p>
   </div>
   <div class='ocr_carea' id='block_1_9' title="bbox 150 3197 2446 3263">
    <p class='ocr_par' dir='ltr' id='par_1_12' title="bbox 150 3197 2446 3263">
     <span class='ocr_line' id='line_1_36' title="bbox 150 3197 2446 3263; baseline 0.002 -19"><span class='ocrx_word' id='word_1_299' title='bbox 150 3253 159 3258; x_wconf 43' lang='grc'><strong>,</strong></span> <span class='ocrx_word' id='word_1_300' title='bbox 233 3197 382 3248; x_wconf 80' lang='lat' dir='ltr'><strong>Voss.</strong></span> <span class='ocrx_word' id='word_1_301' title='bbox 416 3200 798 3250; x_wconf 76' lang='lat' dir='ltr'><strong>morantesvat.</strong></span> <span class='ocrx_word' id='word_1_302' title='bbox 826 3207 994 3263; x_wconf 85' lang='lat' dir='ltr'><strong>quart.</strong></span> <span class='ocrx_word' id='word_1_303' title='bbox 1031 3204 1292 3249; x_wconf 75' lang='lat' dir='ltr'><strong>moventem</strong></span> <span class='ocrx_word' id='word_1_304' title='bbox 1331 3199 1515 3250; x_wconf 88' lang='lat' dir='ltr'><strong>Ambr.</strong></span> <span class='ocrx_word' id='word_1_305' title='bbox 1558 3216 1662 3251; x_wconf 89' lang='lat' dir='ltr'><strong>sec.</strong></span> <span class='ocrx_word' id='word_1_306' title='bbox 1696 3200 1957 3250; x_wconf 81' lang='lat' dir='ltr'><strong>Arcadiam</strong></span> <span class='ocrx_word' id='word_1_307' title='bbox 1998 3214 2162 3261; x_wconf 79' lang='lat' dir='ltr'><strong>marg.</strong></span> <span class='ocrx_word' id='word_1_308' title='bbox 2192 3199 2446 3262; x_wconf 59' lang='lat' dir='ltr'><strong>[singra-</strong></span> 
     </span>
    </p>
   </div>
   <div class='ocr_carea' id='block_1_10' title="bbox 229 3263 2512 3395">
    <p class='ocr_par' dir='ltr' id='par_1_13' title="bbox 229 3263 2512 3395">
     <span class='ocr_line' id='line_1_37' title="bbox 229 3263 2445 3329; baseline 0 -18"><span class='ocrx_word' id='word_1_309' title='bbox 229 3264 326 3313; x_wconf 70' lang='lat'><strong>882</strong></span> <span class='ocrx_word' id='word_1_310' title='bbox 357 3264 557 3311; x_wconf 76' lang='lat' dir='ltr'><strong>scandit</strong></span> <span class='ocrx_word' id='word_1_311' title='bbox 569 3264 653 3312; x_wconf 88' lang='lat' dir='ltr'><strong>vel</strong></span> <span class='ocrx_word' id='word_1_312' title='bbox 673 3267 869 3313; x_wconf 78' lang='lat' dir='ltr'><strong>scandat</strong></span> <span class='ocrx_word' id='word_1_313' title='bbox 892 3265 1068 3316; x_wconf 88' lang='lat' dir='ltr'><strong>Oxou.</strong></span> <span class='ocrx_word' id='word_1_314' title='bbox 1094 3268 1338 3329; x_wconf 55' lang='lat' dir='ltr'><strong>pra—383</strong></span> <span class='ocrx_word' id='word_1_315' title='bbox 1371 3266 1668 3329; x_wconf 80' lang='lat' dir='ltr'><strong>Participem</strong></span> <span class='ocrx_word' id='word_1_316' title='bbox 1706 3272 1754 3315; x_wconf 82' lang='lat' dir='ltr'><strong>et</strong></span> <span class='ocrx_word' id='word_1_317' title='bbox 1773 3267 1894 3315; x_wconf 88' lang='lat' dir='ltr'><strong>Vat.</strong></span> <span class='ocrx_word' id='word_1_318' title='bbox 1912 3265 2079 3327; x_wconf 88' lang='lat' dir='ltr'><strong>quint.</strong></span> <span class='ocrx_word' id='word_1_319' title='bbox 2111 3263 2291 3313; x_wconf 81' lang='lat' dir='ltr'><strong>socium</strong></span> <span class='ocrx_word' id='word_1_320' title='bbox 2317 3276 2445 3326; x_wconf 78' lang='lat' dir='ltr'><strong>scep-</strong></span> 
     </span>
     <span class='ocr_line' id='line_1_38' title="bbox 232 3326 2512 3395; baseline 0 -19"><span class='ocrx_word' id='word_1_321' title='bbox 232 3326 299 3376; x_wconf 75' lang='lat' dir='ltr'><strong>tri</strong></span> <span class='ocrx_word' id='word_1_322' title='bbox 319 3328 425 3379; x_wconf 85' lang='lat' dir='ltr'><strong>duo</strong></span> <span class='ocrx_word' id='word_1_323' title='bbox 440 3328 568 3379; x_wconf 86' lang='lat' dir='ltr'><strong>Vat.</strong></span> <span class='ocrx_word' id='word_1_324' title='bbox 598 3329 826 3379; x_wconf 81' lang='lat' dir='ltr'><strong>declamet</strong></span> <span class='ocrx_word' id='word_1_325' title='bbox 858 3330 1055 3381; x_wconf 86' lang='lat' dir='ltr'><strong>Thuan.</strong></span> <span class='ocrx_word' id='word_1_326' title='bbox 1088 3330 1293 3381; x_wconf 81' lang='lat' dir='ltr'><strong>declaret</strong></span> <span class='ocrx_word' id='word_1_327' title='bbox 1315 3330 1398 3379; x_wconf 85' lang='lat' dir='ltr'><strong>vel</strong></span> <span class='ocrx_word' id='word_1_328' title='bbox 1430 3332 1640 3381; x_wconf 75' lang='lat' dir='ltr'><strong>declarat</strong></span> <span class='ocrx_word' id='word_1_329' title='bbox 1676 3331 1804 3395; x_wconf 80' lang='lat' dir='ltr'><strong>Reg.</strong></span> <span class='ocrx_word' id='word_1_330' title='bbox 1841 3329 2014 3380; x_wconf 85' lang='lat' dir='ltr'><strong>Oxou.</strong></span> <span class='ocrx_word' id='word_1_331' title='bbox 2040 3332 2284 3394; x_wconf 71' lang='lat' dir='ltr'><strong>pr.--384</strong></span> <span class='ocrx_word' id='word_1_332' title='bbox 2316 3340 2447 3378; x_wconf 78' lang='lat' dir='ltr'><strong>enses</strong></span> <span class='ocrx_word' id='word_1_333' title='bbox 2507 3358 2512 3367; x_wconf 84' lang='lat'><strong>·</strong></span> 
     </span>
    </p>
   </div>
   <div class='ocr_carea' id='block_1_11' title="bbox 1233 3444 1450 3497">
    <p class='ocr_par' dir='ltr' id='par_1_14' title="bbox 1233 3444 1450 3497">
     <span class='ocr_line' id='line_1_39' title="bbox 1233 3444 1450 3497; baseline -0.009 0"><span class='ocrx_word' id='word_1_334' title='bbox 1233 3444 1450 3497; x_wconf 81' lang='lat' dir='ltr'><strong>NOTAE</strong></span> 
     </span>
    </p>
   </div>
   <div class='ocr_carea' id='block_1_12' title="bbox 240 3542 1312 4300">
    <p class='ocr_par' dir='ltr' id='par_1_15' title="bbox 240 3542 1306 3683">
     <span class='ocr_line' id='line_1_40' title="bbox 295 3542 1306 3610; baseline 0.001 -17"><span class='ocrx_word' id='word_1_335' title='bbox 295 3545 393 3593; x_wconf 67' lang='lat'><strong>³⁷3</strong></span> <span class='ocrx_word' id='word_1_336' title='bbox 426 3542 740 3608; x_wconf 71' lang='lat' dir='ltr'><strong>Decrescere]</strong></span> <span class='ocrx_word' id='word_1_337' title='bbox 761 3544 986 3610; x_wconf 85' lang='lat' dir='ltr'><strong>Campus</strong></span> <span class='ocrx_word' id='word_1_338' title='bbox 1010 3542 1306 3595; x_wconf 74' lang='lat' dir='ltr'><strong>cohortibus</strong></span> 
     </span>
     <span class='ocr_line' id='line_1_41' title="bbox 240 3618 1100 3683; baseline 0.003 -16"><span class='ocrx_word' id='word_1_339' title='bbox 240 3618 515 3683; x_wconf 68' lang='lat' dir='ltr'><strong>explicatis</strong></span> <span class='ocrx_word' id='word_1_340' title='bbox 540 3618 705 3683; x_wconf 88' lang='lat' dir='ltr'><strong>coepit</strong></span> <span class='ocrx_word' id='word_1_341' title='bbox 725 3619 891 3669; x_wconf 85' lang='lat' dir='ltr'><strong>videri</strong></span> <span class='ocrx_word' id='word_1_342' title='bbox 914 3619 1100 3672; x_wconf 86' lang='lat' dir='ltr'><strong>minor.</strong></span> 
     </span>
    </p>

    <p class='ocr_par' dir='ltr' id='par_1_16' title="bbox 240 3695 1306 3990">
     <span class='ocr_line' id='line_1_42' title="bbox 299 3695 1306 3761; baseline 0 -14"><span class='ocrx_word' id='word_1_343' title='bbox 299 3700 397 3747; x_wconf 68' lang='lat'><strong>8⁷6</strong></span> <span class='ocrx_word' id='word_1_344' title='bbox 427 3695 516 3747; x_wconf 78' lang='lat' dir='ltr'><strong>Sic</strong></span> <span class='ocrx_word' id='word_1_345' title='bbox 535 3696 680 3760; x_wconf 77' lang='lat' dir='ltr'><strong>ligat,</strong></span> <span class='ocrx_word' id='word_1_346' title='bbox 700 3696 809 3761; x_wconf 58' lang='grc' dir='ltr'><strong>ξω]</strong></span> <span class='ocrx_word' id='word_1_347' title='bbox 862 3697 938 3747; x_wconf 88' lang='lat' dir='ltr'><strong>Ut</strong></span> <span class='ocrx_word' id='word_1_348' title='bbox 959 3702 1177 3748; x_wconf 83' lang='lat' dir='ltr'><strong>venator</strong></span> <span class='ocrx_word' id='word_1_349' title='bbox 1198 3697 1306 3748; x_wconf 87' lang='lat' dir='ltr'><strong>cin·</strong></span> 
     </span>
     <span class='ocr_line' id='line_1_43' title="bbox 240 3772 1303 3839; baseline 0 -16"><span class='ocrx_word' id='word_1_350' title='bbox 240 3773 315 3839; x_wconf 69' lang='lat' dir='ltr'><strong>git</strong></span> <span class='ocrx_word' id='word_1_351' title='bbox 334 3774 507 3839; x_wconf 76' lang='lat' dir='ltr'><strong>sylvas</strong></span> <span class='ocrx_word' id='word_1_352' title='bbox 546 3773 744 3823; x_wconf 86' lang='lat' dir='ltr'><strong>retibus</strong></span> <span class='ocrx_word' id='word_1_353' title='bbox 779 3773 847 3823; x_wconf 83' lang='lat' dir='ltr'><strong>ad</strong></span> <span class='ocrx_word' id='word_1_354' title='bbox 885 3773 1189 3837; x_wconf 80' lang='lat' dir='ltr'><strong>capiendam</strong></span> <span class='ocrx_word' id='word_1_355' title='bbox 1227 3772 1303 3823; x_wconf 82' lang='lat' dir='ltr'><strong>fe-</strong></span> 
     </span>
     <span class='ocr_line' id='line_1_44' title="bbox 244 3849 1305 3916; baseline 0.003 -17"><span class='ocrx_word' id='word_1_356' title='bbox 244 3863 381 3900; x_wconf 82' lang='lat' dir='ltr'><strong>ram:</strong></span> <span class='ocrx_word' id='word_1_357' title='bbox 424 3849 501 3900; x_wconf 87' lang='lat' dir='ltr'><strong>sic</strong></span> <span class='ocrx_word' id='word_1_358' title='bbox 537 3850 731 3900; x_wconf 78' lang='lat' dir='ltr'><strong>milites</strong></span> <span class='ocrx_word' id='word_1_359' title='bbox 765 3850 985 3916; x_wconf 81' lang='lat' dir='ltr'><strong>cingunt</strong></span> <span class='ocrx_word' id='word_1_360' title='bbox 1019 3850 1305 3916; x_wconf 77' lang='lat' dir='ltr'><strong>agminibus</strong></span> 
     </span>
     <span class='ocr_line' id='line_1_45' title="bbox 244 3925 1112 3990; baseline 0.001 -14"><span class='ocrx_word' id='word_1_361' title='bbox 244 3925 344 3976; x_wconf 80' lang='lat' dir='ltr'><strong>suis</strong></span> <span class='ocrx_word' id='word_1_362' title='bbox 366 3926 636 3990; x_wconf 82' lang='lat' dir='ltr'><strong>Rufinum,</strong></span> <span class='ocrx_word' id='word_1_363' title='bbox 660 3934 717 3975; x_wconf 87' lang='lat' dir='ltr'><strong>ut</strong></span> <span class='ocrx_word' id='word_1_364' title='bbox 740 3941 859 3976; x_wconf 87' lang='lat' dir='ltr'><strong>eum</strong></span> <span class='ocrx_word' id='word_1_365' title='bbox 882 3927 1112 3990; x_wconf 87' lang='lat' dir='ltr'><strong>capiant.</strong></span> 
     </span>
    </p>

    <p class='ocr_par' dir='ltr' id='par_1_17' title="bbox 248 4003 1308 4224">
     <span class='ocr_line' id='line_1_46' title="bbox 307 4003 1306 4069; baseline 0.003 -17"><span class='ocrx_word' id='word_1_366' title='bbox 307 4007 404 4053; x_wconf 72' lang='lat'><strong>3⁷8</strong></span> <span class='ocrx_word' id='word_1_367' title='bbox 442 4005 708 4066; x_wconf 73' lang='lat' dir='ltr'><strong>plagarum</strong></span> <span class='ocrx_word' id='word_1_368' title='bbox 737 4003 1006 4068; x_wconf 51' lang='lat' dir='ltr'><strong>effaetus]</strong></span> <span class='ocrx_word' id='word_1_369' title='bbox 1068 4005 1306 4069; x_wconf 81' lang='lat' dir='ltr'><strong>Impares</strong></span> 
     </span>
     <span class='ocr_line' id='line_1_47' title="bbox 248 4080 1308 4149; baseline 0.004 -19"><span class='ocrx_word' id='word_1_370' title='bbox 248 4080 428 4131; x_wconf 76' lang='lat' dir='ltr'><strong>retium</strong></span> <span class='ocrx_word' id='word_1_371' title='bbox 451 4082 735 4144; x_wconf 77' lang='lat' dir='ltr'><strong>cavitates,</strong></span> <span class='ocrx_word' id='word_1_372' title='bbox 757 4088 814 4132; x_wconf 87' lang='lat' dir='ltr'><strong>et</strong></span> <span class='ocrx_word' id='word_1_373' title='bbox 829 4083 983 4132; x_wconf 84' lang='lat' dir='ltr'><strong>variis</strong></span> <span class='ocrx_word' id='word_1_374' title='bbox 1006 4083 1308 4149; x_wconf 80' lang='lat' dir='ltr'><strong>ambagibus</strong></span> 
     </span>
     <span class='ocr_line' id='line_1_48' title="bbox 252 4155 839 4224; baseline 0 -16"><span class='ocrx_word' id='word_1_375' title='bbox 252 4155 548 4224; x_wconf 66' lang='lat' dir='ltr'><strong>implicatas.</strong></span> <span class='ocrx_word' id='word_1_376' title='bbox 818 4202 839 4208; x_wconf 81' lang='grc'><strong>.,</strong></span> 
     </span>
    </p>

    <p class='ocr_par' dir='ltr' id='par_1_18' title="bbox 306 4235 1312 4300">
     <span class='ocr_line' id='line_1_49' title="bbox 306 4235 1312 4300; baseline 0.001 -15"><span class='ocrx_word' id='word_1_377' title='bbox 306 4239 400 4286; x_wconf 78' lang='grc'><strong>380</strong></span> <span class='ocrx_word' id='word_1_378' title='bbox 436 4237 725 4294; x_wconf 65' lang='lat' dir='ltr'><strong>Excludunt</strong></span> <span class='ocrx_word' id='word_1_379' title='bbox 739 4235 889 4300; x_wconf 82' lang='lat' dir='ltr'><strong>alios]</strong></span> <span class='ocrx_word' id='word_1_380' title='bbox 954 4235 1193 4287; x_wconf 85' lang='lat' dir='ltr'><strong>Tandem</strong></span> <span class='ocrx_word' id='word_1_381' title='bbox 1216 4235 1312 4286; x_wconf 88' lang='lat' dir='ltr'><strong>cir-</strong></span> 
     </span>
    </p>
   </div>
   <div class='ocr_carea' id='block_1_13' title="bbox 252 4311 1314 4391">
    <p class='ocr_par' dir='ltr' id='par_1_19' title="bbox 252 4311 1314 4391">
     <span class='ocr_line' id='line_1_50' title="bbox 252 4311 1314 4391; baseline 0.004 -29"><span class='ocrx_word' id='word_1_382' title='bbox 252 4311 386 4365; x_wconf 82' lang='lat' dir='ltr'><strong>culus</strong></span> <span class='ocrx_word' id='word_1_383' title='bbox 419 4313 512 4367; x_wconf 88' lang='lat' dir='ltr'><strong>ille</strong></span> <span class='ocrx_word' id='word_1_384' title='bbox 550 4312 779 4365; x_wconf 86' lang='lat' dir='ltr'><strong>militum</strong></span> <span class='ocrx_word' id='word_1_385' title='bbox 810 4318 918 4364; x_wconf 83' lang='lat' dir='ltr'><strong>tam</strong></span> <span class='ocrx_word' id='word_1_386' title='bbox 941 4317 1090 4391; x_wconf 77' lang='lat' dir='ltr'><strong>arcte</strong></span> <span class='ocrx_word' id='word_1_387' title='bbox 1116 4311 1314 4366; x_wconf 81' lang='lat' dir='ltr'><strong>claudi·</strong></span> 
     </span>
    </p>
   </div>
   <div class='ocr_carea' id='block_1_14' title="bbox 1383 3537 2452 4376">
    <p class='ocr_par' dir='ltr' id='par_1_20' title="bbox 1383 3537 2452 4052">
     <span class='ocr_line' id='line_1_51' title="bbox 1386 3537 2447 3608; baseline -0.002 -14"><span class='ocrx_word' id='word_1_388' title='bbox 1386 3549 1495 3608; x_wconf 88' lang='lat' dir='ltr'><strong>tur,</strong></span> <span class='ocrx_word' id='word_1_389' title='bbox 1537 3549 1599 3594; x_wconf 89' lang='lat' dir='ltr'><strong>ut</strong></span> <span class='ocrx_word' id='word_1_390' title='bbox 1638 3557 1755 3593; x_wconf 88' lang='lat' dir='ltr'><strong>cum</strong></span> <span class='ocrx_word' id='word_1_391' title='bbox 1794 3541 2045 3606; x_wconf 84' lang='lat' dir='ltr'><strong>Principe</strong></span> <span class='ocrx_word' id='word_1_392' title='bbox 2083 3543 2350 3590; x_wconf 76' lang='lat' dir='ltr'><strong>remaneat</strong></span> <span class='ocrx_word' id='word_1_393' title='bbox 2388 3537 2447 3592; x_wconf 79' lang='lat' dir='ltr'><strong>in</strong></span> 
     </span>
     <span class='ocr_line' id='line_1_52' title="bbox 1385 3613 2445 3678; baseline -0.007 -7"><span class='ocrx_word' id='word_1_394' title='bbox 1385 3621 1557 3672; x_wconf 83' lang='lat' dir='ltr'><strong>medio</strong></span> <span class='ocrx_word' id='word_1_395' title='bbox 1591 3622 1728 3670; x_wconf 87' lang='lat' dir='ltr'><strong>solus</strong></span> <span class='ocrx_word' id='word_1_396' title='bbox 1761 3617 2000 3678; x_wconf 86' lang='lat' dir='ltr'><strong>Rufinus,</strong></span> <span class='ocrx_word' id='word_1_397' title='bbox 2041 3617 2125 3667; x_wconf 89' lang='lat' dir='ltr'><strong>cui</strong></span> <span class='ocrx_word' id='word_1_398' title='bbox 2170 3613 2445 3666; x_wconf 77' lang='lat' dir='ltr'><strong>mactando</strong></span> 
     </span>
     <span class='ocr_line' id='line_1_53' title="bbox 1384 3695 2450 3763; baseline -0.006 -15"><span class='ocrx_word' id='word_1_399' title='bbox 1384 3699 1669 3763; x_wconf 84' lang='lat' dir='ltr'><strong>parabatur</strong></span> <span class='ocrx_word' id='word_1_400' title='bbox 1691 3697 1790 3746; x_wconf 88' lang='lat' dir='ltr'><strong>ista</strong></span> <span class='ocrx_word' id='word_1_401' title='bbox 1814 3695 2097 3760; x_wconf 82' lang='lat' dir='ltr'><strong>tragoedia:</strong></span> <span class='ocrx_word' id='word_1_402' title='bbox 2131 3695 2308 3757; x_wconf 86' lang='lat' dir='ltr'><strong>sicque</strong></span> <span class='ocrx_word' id='word_1_403' title='bbox 2340 3704 2450 3755; x_wconf 85' lang='lat' dir='ltr'><strong>eos,</strong></span> 
     </span>
     <span class='ocr_line' id='line_1_54' title="bbox 1383 3767 2449 3841; baseline -0.006 -18"><span class='ocrx_word' id='word_1_404' title='bbox 1383 3774 1473 3841; x_wconf 90' lang='lat' dir='ltr'><strong>qui</strong></span> <span class='ocrx_word' id='word_1_405' title='bbox 1494 3774 1637 3824; x_wconf 87' lang='lat' dir='ltr'><strong>circa</strong></span> <span class='ocrx_word' id='word_1_406' title='bbox 1666 3773 1833 3837; x_wconf 87' lang='lat' dir='ltr'><strong>ipsum</strong></span> <span class='ocrx_word' id='word_1_407' title='bbox 1857 3778 2027 3834; x_wconf 85' lang='lat' dir='ltr'><strong>eraut,</strong></span> <span class='ocrx_word' id='word_1_408' title='bbox 2047 3771 2353 3831; x_wconf 81' lang='lat' dir='ltr'><strong>excludunt,</strong></span> <span class='ocrx_word' id='word_1_409' title='bbox 2371 3767 2449 3830; x_wconf 80' lang='lat' dir='ltr'><strong>in·</strong></span> 
     </span>
     <span class='ocr_line' id='line_1_55' title="bbox 1384 3843 2443 3915; baseline -0.005 -15"><span class='ocrx_word' id='word_1_410' title='bbox 1384 3856 1496 3900; x_wconf 81' lang='lat' dir='ltr'><strong>star</strong></span> <span class='ocrx_word' id='word_1_411' title='bbox 1519 3849 1811 3915; x_wconf 74' lang='lat' dir='ltr'><strong>piscatoris,</strong></span> <span class='ocrx_word' id='word_1_412' title='bbox 1826 3848 1912 3913; x_wconf 86' lang='lat' dir='ltr'><strong>qui</strong></span> <span class='ocrx_word' id='word_1_413' title='bbox 1931 3847 2208 3911; x_wconf 83' lang='lat' dir='ltr'><strong>pisciculos</strong></span> <span class='ocrx_word' id='word_1_414' title='bbox 2229 3843 2443 3906; x_wconf 84' lang='lat' dir='ltr'><strong>emittit,</strong></span> 
     </span>
     <span class='ocr_line' id='line_1_56' title="bbox 1385 3922 2452 3991; baseline -0.005 -16"><span class='ocrx_word' id='word_1_415' title='bbox 1385 3941 1489 3991; x_wconf 87' lang='lat' dir='ltr'><strong>quo</strong></span> <span class='ocrx_word' id='word_1_416' title='bbox 1526 3924 1755 3989; x_wconf 73' lang='lat' dir='ltr'><strong>praedam</strong></span> <span class='ocrx_word' id='word_1_417' title='bbox 1776 3924 1999 3989; x_wconf 85' lang='lat' dir='ltr'><strong>aliquam</strong></span> <span class='ocrx_word' id='word_1_418' title='bbox 2032 3922 2336 3988; x_wconf 87' lang='lat' dir='ltr'><strong>opimiorem</strong></span> <span class='ocrx_word' id='word_1_419' title='bbox 2367 3932 2452 3970; x_wconf 80' lang='lat' dir='ltr'><strong>re-</strong></span> 
     </span>
     <span class='ocr_line' id='line_1_57' title="bbox 1386 4002 1574 4052; baseline -0.005 0"><span class='ocrx_word' id='word_1_420' title='bbox 1386 4002 1574 4052; x_wconf 87' lang='lat' dir='ltr'><strong>tineat.</strong></span> 
     </span>
    </p>

    <p class='ocr_par' dir='ltr' id='par_1_21' title="bbox 1391 4075 2449 4221">
     <span class='ocr_line' id='line_1_58' title="bbox 1453 4075 2449 4146; baseline -0.004 -15"><span class='ocrx_word' id='word_1_421' title='bbox 1453 4085 1549 4131; x_wconf 68' lang='lat'><strong>381</strong></span> <span class='ocrx_word' id='word_1_422' title='bbox 1586 4079 1832 4145; x_wconf 77' lang='lat' dir='ltr'><strong>Appreusa</strong></span> <span class='ocrx_word' id='word_1_423' title='bbox 1860 4080 2006 4146; x_wconf 79' lang='lat' dir='ltr'><strong>veste]</strong></span> <span class='ocrx_word' id='word_1_424' title='bbox 2061 4078 2211 4128; x_wconf 84' lang='lat' dir='ltr'><strong>More</strong></span> <span class='ocrx_word' id='word_1_425' title='bbox 2234 4075 2449 4143; x_wconf 79' lang='lat' dir='ltr'><strong>antiquo</strong></span> 
     </span>
     <span class='ocr_line' id='line_1_59' title="bbox 1391 4159 1702 4221; baseline -0.003 -13"><span class='ocrx_word' id='word_1_426' title='bbox 1391 4159 1702 4221; x_wconf 81' lang='lat' dir='ltr'><strong>urgentium.</strong></span> 
     </span>
    </p>

    <p class='ocr_par' dir='ltr' id='par_1_22' title="bbox 1390 4231 2447 4376">
     <span class='ocr_line' id='line_1_60' title="bbox 1456 4231 2447 4299; baseline -0.005 -13"><span class='ocrx_word' id='word_1_427' title='bbox 1456 4240 1555 4287; x_wconf 70' lang='lat'><strong>882</strong></span> <span class='ocrx_word' id='word_1_428' title='bbox 1594 4233 1842 4298; x_wconf 65' lang='lat' dir='ltr'><strong>monna]</strong></span> <span class='ocrx_word' id='word_1_429' title='bbox 1874 4234 2147 4298; x_wconf 80' lang='lat' dir='ltr'><strong>Ligneum,</strong></span> <span class='ocrx_word' id='word_1_430' title='bbox 2169 4231 2223 4283; x_wconf 88' lang='lat' dir='ltr'><strong>in</strong></span> <span class='ocrx_word' id='word_1_431' title='bbox 2245 4245 2344 4299; x_wconf 84' lang='lat' dir='ltr'><strong>quo</strong></span> <span class='ocrx_word' id='word_1_432' title='bbox 2366 4242 2447 4281; x_wconf 87' lang='lat' dir='ltr'><strong>so·</strong></span> 
     </span>
     <span class='ocr_line' id='line_1_61' title="bbox 1390 4308 2141 4376; baseline -0.004 -11"><span class='ocrx_word' id='word_1_433' title='bbox 1390 4312 1517 4365; x_wconf 85' lang='lat' dir='ltr'><strong>liam</strong></span> <span class='ocrx_word' id='word_1_434' title='bbox 1535 4324 1747 4362; x_wconf 83' lang='lat' dir='ltr'><strong>aureum</strong></span> <span class='ocrx_word' id='word_1_435' title='bbox 1760 4308 2141 4376; x_wconf 78' lang='lat' dir='ltr'><strong>imponebatur.</strong></span> 
     </span>
    </p>
   </div>
  </div>
 </body>
</html>
