2925 4928
489 349 543 435 β
1306 357 1876 414 ΡΒοιΕαοΜΕΝΑ

479 510 747 583 tribuat.
828 512 1021 593 *Quoe
1070 512 1337 596 quidem
1385 511 1631 581 nonin
1675 526 1830 575 eam
1871 508 2274 574 sententiam
2324 506 2716 591 disputata

488 619 812 700 accipias,
859 619 1071 701 quasi-
1108 617 1359 693 omnia,
1404 632 1558 699 quae
1604 612 1928 678 laudibus
1979 612 2188 690 effert,
2234 612 2502 695 ingenio
2548 611 2732 696 ejus

358 778 374 788 .
488 717 878 803 debeantur,
898 739 1140 802 -neque
1193 719 1553 804 quicquam
1590 718 1666 787 ,in
1723 716 1868 800 ejus
1915 716 2314 779 carminibus
2368 716 2732 803 invenias,

491 825 755 904 quouti
802 822 1033 904 possis
1081 822 1167 885 ad
1215 821 1562 885 historiam
1607 819 1875 883 illorum
1905 825 2281 900 temporum
2308 816 2728 880 accuratius

494 923 992 1006 expoliendam.
1081 924 1369 988 Etiamsi
1398 924 1575 988 enim
1604 924 1672 987 in
1703 921 1991 986 Honorii
2020 926 2087 984 et
2123 919 2754 1000 Stilichonis⁴gra2

488 1028 655 1111 ⁸tiam
679 1027 903 1091 omnia
930 1032 1115 1091 erant
1137 1024 1616 1110 componenda,
1650 1042 1803 1108 quae
1834 1024 1905 1086 in
1931 1022 2356 1106 panegyricis
2384 1020 2683 1105 protulit
2701 1039 2726 1084 t

494 1135 739 1215 tamen,
790 1130 1115 1213 siquidem
1168 1129 1600 1213 impudentiae
1650 1134 1716 1192 et
1756 1146 2034 1192 summae
2081 1125 2400 1189 vanitatis
2450 1125 2730 1187 crimen

493 1233 604 1305 vel
631 1234 702 1296 in
728 1232 1066 1298 laudando
1093 1232 1532 1316 effugiendum
1559 1238 1703 1309 est,
1732 1249 1812 1294 ne
1839 1230 1921 1307 is,
1971 1247 2169 1312 quem
2199 1228 2508 1305 extollas,
2538 1227 2731 1291 risui

494 1334 904 1419 propinetur,
947 1334 1157 1400 fundo
1209 1336 1437 1419 aliquo
1488 1333 1821 1419 probabili
1873 1331 2190 1396 destituta
2234 1350 2392 1394 esse.
2421 1330 2726 1393 omnino

494 1455 628 1500 nou
676 1442 1007 1520 poterant,
1053 1457 1206 1522 quae
1259 1438 1697 1522 praedicanda
1738 1436 2060 1521 suscepit.
2150 1432 2378 1517 Atque
2406 1433 2541 1499 hoc
2570 1453 2730 1498 non

497 1543 635 1603 tam
663 1541 843 1606 valet
868 1543 937 1605 in
966 1543 1321 1608 virtutibus
1352 1541 1790 1621 celebrandis,
1833 1540 1904 1604 in
1934 1537 2238 1622 corporis
2263 1536 2727 1621 pulchritudi-

496 1660 580 1704 ne
612 1647 679 1708 et
709 1643 939 1727 specie
969 1644 1326 1725 laudanda,
1374 1656 1757 1729 quanquam
1785 1644 1987 1708 etiam
2017 1641 2088 1704 in
2114 1641 2245 1719 his,
2290 1661 2441 1725 quae
2497 1639 2724 1704 fidem

501 1743 797 1827 aliquam
827 1745 1026 1812 dictis
1071 1747 1292 1814 facere
1319 1749 1607 1832 possint,
1649 1765 1785 1811 non
1834 1744 2102 1810 omnino
2148 1743 2396 1808 debent
2441 1742 2726 1807 deside-

499 1847 655 1924 rari,
698 1867 898 1929 quarn
944 1851 1015 1917 in
1051 1852 1251 1915 rebus
1295 1852 1498 1932 gestis
1545 1849 2021 1934 praedicandis,
2065 1848 2135 1911 in
2165 1847 2412 1930 quibus
2444 1864 2725 1929 semper
2793 1910 2796 1911 γ

424 1968 433 1976 ·
503 1946 787 2032 aliquid.
812 1953 1097 2016 subesse
1140 1952 1360 2030 debet,
1407 1951 1589 2036 quod
1629 1971 1784 2016 vere
1811 1956 2067 2033 gestum
2093 1951 2258 2015 inter
2288 1967 2516 2014 ornnes
2548 1967 2722 2013 con-

504 2054 655 2128 stet,
700 2053 970 2118 etiamsi
999 2053 1070 2118 id
1100 2056 1351 2119 artibus
1386 2054 1737 2119 rhetoricis
1767 2059 2130 2137 ornatuque
2157 2051 2430 2136 poetico
2458 2051 2719 2119 faciem

502 2160 851 2220 externam
879 2156 968 2221 sit
995 2163 1262 2223 nactum
1297 2178 1340 2223 a
1365 2158 1464 2223 rei
1493 2158 1767 2225 veritate
1797 2156 2274 2223 abhorrentem.
2345 2155 2490 2221 Res
2518 2156 2722 2239 ipsas

507 2257 925 2322 comminisci
953 2279 1036 2323 ne
1059 2246 1562 2344 abjectissimus
1577 2258 2192 2344 ‘quidem‘adulator
2211 2263 2449 2323 temere
2473 2258 2717 2340 audet3

506 2359 670 2442 quia
699 2363 810 2425 vel
850 2362 1073 2446 ipsius
1101 2380 1504 2449 magnopere
1556 2364 1849 2442 interest,
1897 2383 2052 2429 cum
2079 2363 2373 2427 maxime
2399 2360 2719 2427 blandia-

503 2466 633 2539 tur,
677 2464 762 2529 ab
794 2468 1171 2534 assentandi
1219 2470 1604 2554 suspicione
1642 2469 1926 2535 liberum
1953 2467 2183 2546 videri,
2215 2486 2309 2531 ‘ue
2337 2467 2549 2533 oratio
2578 2467 2716 2531 iro—

504 2566 636 2632 niae
671 2570 1250 2652 speciem·induat;
1280 2572 1400 2637 sed
1429 2573 1501 2636 in
1528 2568 2085 2656 iis‘explicandis,
2112 2568 2455 2653 augendiS,
2484 2568 2716 2653 depri-

505 2669 786 2749 mendis,
818 2674 1245 2753 exornandis,
1263 2679 1344 2740 ·et
1367 2673 1855 2760 amplificandis
1885 2672 2161 2738 consilio
2181 2689 2308 2735 suo
2334 2689 2716 2737 accommo-

511 2770 670 2838 date
696 2776 947 2839 versari
965 2778 1174 2846 solet.
1270 2778 1512 2864 Neque
1541 2778 1607 2845 ei
1637 2777 1918 2854 idcirco,
1950 2794 2103 2838 cum
2131 2773 2296 2838 nihil
2322 2773 2460 2838 fere
2485 2774 2593 2852 sit,
2624 2773 2716 2839 de

510 2893 651 2958 quo
702 2877 772 2940 in
822 2884 1163 2963 utramque
1209 2886 1465 2966 partem
1519 2880 1862 2963 disputari,
1890 2883 2198 2961 nequeat,
2241 2876 2602 2960 praesertim
2633 2878 2716 2943 'si

510 2980 681 3063 ejuS,
739 2983 918 3064 quod
967 2986 1074 3049 vel
1120 2983 1531 3050 laudandum
1574 2982 1686 3048 vel
1732 2981 2246 3065 vituperandum
2305 2979 2720 3063 susceperis,

509 3082 687 3152 ratio
715 3084 1016 3167 pluribus
1047 3094 1359 3152 accurate
1388 3087 1817 3173 cognita‘non
1846 3086 1959 3163 sit,
1983 3083 2434 3148 manifestum
2458 3083 2710 3148 vanita-

511 3184 603 3249 tis
630 3186 877 3253 crimen
905 3194 1129 3272 potest
1145 3190 1446 3256 intendi.
1483 3205 1490 3214 ·
1536 3187 1984 3273 Quapropter,
2005 3186 2307 3251 ‘carmina
2340 3178 2707 3264 Claudiani,

514 3307 901 3375 quanquam
952 3292 1041 3356 ad
1091 3292 1388 3359 historiae
1441 3292 1639 3357 fidem
1665 3303 1800 3356 'ea-
1825 3289 2177 3373 scripsisse
2226 3288 2705 3354 existimandus

513 3410 645 3457 non
674 3401 796 3470 est,
830 3396 1368 3479 quandoquidem
1393 3415 1587 3460 nemo
1615 3413 1818 3461 sanus
1843 3395 1928 3471 ei,
1974 3392 2225 3476 quivel
2255 3390 2710 3477 praedicatoris

513 3494 626 3559 vel
656 3497 1124 3581 vituperatoris
1151 3500 1337 3564 vices
1367 3498 1648 3566 tuendas
1677 3496 2070 3581 susceperit,
2098 3495 2440 3581 injungere
2469 3498 2703 3579 potest,

513 3602 595 3661 ut
623 3599 764 3663 sine
793 3601 1014 3666 studio
1060 3607 1130 3666 et
1180 3603 1282 3666 ira
1326 3621 1433 3666 res
1458 3606 1973 3666 commemoret:
2020 3607 2241 3665 tamen
2277 3600 2345 3662 in
2371 3598 2460 3662 iis
2477 3615 2705 3660 monu-

515 3701 783 3778 mentis,
814 3721 902 3766 ex
923 3706 1163 3786 quibus
1192 3711 1569 3789 temporum
1596 3705 1788 3783 ratio,
1813 3704 2033 3789 qualis
2051 3704 2189 3768 ⁴sub
2210 3699 2586 3766 Theodosio
2607 3698 2701 3763 Ma

516 3803 793 3888 eJusque
843 3804 1002 3871 filiis
1048 3807 1270 3886 fuerit,
1315 3808 1537 3892 possit
1577 3807 1921 3886 constitui,
1974 3808 2083 3871 vel
2101 3815 2106 3818 '
2124 3795 2521 3889 gravissima
2560 3809 2703 3868 sunt

519 3906 989 3974 existimanda.
1053 3909 1230 3978 'Nec
1261 3929 1661 3996 parvasane
1713 3914 1814 3974 est
1831 3929 1836 3936 ·
1855 3910 2128 3986 utilitas»,
2176 3928 2328 3991 quae
2373 3927 2464 3971 ex
2481 3924 2700 3970 reorum

516 4003 806 4078 lectione
834 4010 920 4077 ad
965 4011 1308 4078 historiam
1337 4013 1521 4082 illius
1569 4013 1716 4078 aevi‘
1753 4010 2167 4077 condendam
2216 4011 2442 4094 possit
2479 4008 2698 4074 'redau-

521 4109 718 4193 dare3
758 4114 961 4180 modo
988 4116 1319 4203 intelligas
1368 4121 1694 4184 ornatum·
1715 4113 2054 4199 poe‘ticum
2084 4113 2444 4178 detrahere*
2459 4110 2699 4181 fucum

518 4232 661 4299 quw
678 4217 1037 4306 oratorium
1052 4219 1461 4305 abstergere,
1489 4227 1584 4286 ‘ut
1621 4218 1803 4284 nuda'
1828 4215 2330 4301 veritaspossit
2349 4219 2694 4297 apparere.
