2925 4928
776 378 856 425 ΙΝ
914 377 1269 428 RUFINUM
1318 378 1468 427 Lm.
1515 380 1566 428 Ι.
1616 378 1950 429 PRAEFA'P.

263 520 352 585 Et
380 521 498 604 qui
529 522 806 606 vipereo
837 524 1188 606 spumavit
1218 543 1403 609 saepe
1431 545 1699 590 veneno

342 622 715 708 cephisos,
745 625 1031 708 liquidis
1062 629 1293 710 purior
1321 629 1465 693 ibat
1495 630 1715 713 aquis.
1757 643 1764 655 ’

262 723 519 803 OmniS,
556 727 640 790 Io
674 727 917 804 Paean,
949 730 1134 809 regio
1168 735 1406 821 sonat:
1456 731 1681 794 omnia
1713 730 2054 798 Phoehum

344 827 540 891 Rura
568 836 842 893 canunt.
886 830 1229 914 Tripodas
1260 834 1519 915 plenior
1548 851 1713 896 aura
1739 838 1934 899 rotat.

257 928 647 1016 Auditoque
676 934 917 1015 procul
950 933 1307 998 Musarum
1334 936 1625 999 carmine
1658 936 1870 1014 ducti,

346 1032 463 1097 Ad
490 1035 837 1100 Themidis
867 1036 1115 1101 coeunt
1147 1044 1339 1102 antra
1369 1058 1611 1103 severa
1640 1039 1795 1105 Dei.

2389 629 2475 693 10

260 1215 417 1278 longis
436 1216 671 1266 truc-tibus
702 1217 978 1280 serpentis,
1013 1223 1330 1280 porrexerunt
1366 1220 1522 1268 ventis
1546 1218 1748 1279 frondes
1780 1224 1928 1269 tatas.
1995 1219 2070 1269 Ac
2110 1222 2359 1286 Cephisus,
2391 1224 2473 1288 qai

259 1295 381 1344 saepe
400 1282 666 1331 exundavit
691 1297 859 1331 ueneno
882 1283 1133 1343 Draconis,
1139 1283 1324 1347 fluebat
1346 1285 1547 1334 nitidior
1567 1285 1704 1347 aquis
1722 1284 1949 1348 limpidis.
2021 1285 2164 1334 Totus
2193 1293 2378 1338 troctas
2397 1304 2474 1338 rc-

259 1351 416 1406 sonat,
455 1347 504 1394 io
544 1347 722 1395 Poeon:
753 1363 911 1396 omnes
944 1348 1054 1409 agri
1090 1354 1285 1398 cantant
1325 1350 1618 1413 Apollinem.-
1650 1355 1812 1398 ventus
1832 1350 2023 1398 liberior
2044 1351 2202 1413 agitat
2227 1353 2472 1417 Tripodas.

260 1410 327 1460 Et
349 1411 445 1461 Dii
476 1412 665 1474 impulsi
684 1412 901 1462 cantibus
922 1414 1174 1463 Musarum
1187 1417 1323 1477 longe
1340 1416 1602 1477 exauditis,
1622 1416 1899 1465 conveniunt
1915 1416 1978 1464 ud
1998 1430 2244 1466 caum
2257 1432 2471 1482 asperam

1189 1546 1245 1565 OC
1251 1546 1543 1566 OOOON‘OOO

262 1673 342 1722 pr.
359 1659 552 1708 Petav.
572 1666 696 1709 tert.
720 1659 923 1710 Mazar.
946 1661 1091 1709 Rott.
1110 1659 1251 1709 Prie.
1278 1659 1442 1709 Oisel.
1455 1658 1697 1719 fructibus
1719 1659 1907 1708 Petav.
1927 1672 2033 1708 sec.
2052 1658 2225 1709 ictibus
2256 1660 2385 1709 Exc.
2405 1674 2474 1709 ex

260 1725 381 1775 Pat.
398 1739 508 1774 rec.
521 1725 757 1774 tractibus
775 1726 852 1774 vel
861 1724 1117 1785 frondibus
1131 1723 1310 1774 Ambr.
1327 1728 1533 1772 sea—8
1546 1724 1827 1786 explicuisse
1840 1724 1962 1773 Put.
1975 1738 2006 1773 a
2020 1739 2087 1772 m.
2104 1725 2478 1784 sec.—-9suma-

261 1790 329 1838 vit
353 1791 499 1840 Rott.
519 1791 567 1838 Τ
568 1790 721 1838 huan.
739 1789 905 1840 Oisel.
933 1790 1118 1839 Sched.
1133 1789 1516 1852 Gud.spumaoit
1535 1791 1618 1838 vel
1628 1789 1840 1849 fumavit
1859 1789 1980 1838 Pnt.
1993 1787 2208 1850 fumavit
2223 1791 2304 1840 vel
2378 1790 2474 1840 ira·

260 1855 329 1903 vit
344 1852 531 1903 Ambr.
548 1869 654 1904 sec.
677 1855 880 1918 spiravit
897 1856 1217 1905 Petav.—10
1245 1855 1467 1917 Cephisos
1485 1855 1618 1918 Reg.
1638 1853 1819 1903 Ambr.
1840 1861 1961 1903 tert.
1977 1855 2102 1903 Lov.
2119 1806 2472 1904 Bonon.ssho·

262 1921 352 1968 los.
369 1919 522 1968 Leid.
537 1935 642 1968 sec.
656 1920 851 1969 Moret.
867 1935 969 1969 sec.
986 1921 1087 1970 duo
1100 1919 1272 1969 Oxou.
1291 1927 1399 1969 tres
1410 1920 1534 1969 Vat.
1547 1920 1672 1968 item
1687 1920 1872 1969 Petav.
1890 1925 1997 1969 tres
2012 1926 2068 1968 et
2083 1918 2267 1969 incert.
2282 1919 2469 1971 Heius.

266 1985 491 2047 Cephisus
508 1986 634 2034 Pat.
660 1987 889 2034 Florem.
908 1986 1028 2051 Put·
1044 1986 1189 2035 Rott.
1210 1985 1372 2034 Oisel.
1391 1984 1505 2033 Pal.
1528 1986 1675 2036 Fam.
1693 1985 1836 2034 Prie.
1856 1986 2050 2033 Moret.
2076 2000 2155 2049 pr.
2174 1982 2350 2033 Amhr.
2365 1999 2471 2034 sec.

262 2050 379 2099 Vat.
397 2065 506 2100 sec.
532 2051 637 2099 duo
659 2049 802 2100 Med.
826 2051 945 2100 Ald.
970 2053 1100 2101 Exc.
1126 2050 1259 2099 Laeti
1292 2058 1347 2099 et
1370 2050 1593 2099 Lucens.
1618 2051 1815 2113 liquidis
1838 2050 1974 2099 Flor-
2001 2049 2146 2099 Med.
2171 2050 2296 2110 dno,
2319 2050 2469 2099 Rott.

265 2114 425 2166 Oisel.
449 2116 572 2165 Pat.
609 2115 791 2165 Ambr.
822 2130 927 2165 sec.
966 2117 1090 2166 Put.
1120 2114 1307 2180 reliqui
1342 2130 1521 2165 omues
1553 2115 1740 2177 nitidis,
1778 2115 1917 2179 quod
1951 2122 2007 2164 et
2034 2115 2195 2164 habet
2227 2113 2350 2164 Ald.
2387 2114 2471 2166 ed.

263 2180 435 2229 Vicet.
478 2188 535 2230 et
576 2183 705 2230 Exc.
731 2181 950 2231 Gevart.
973 2181 1164 2245 liquidis
1198 2181 1280 2228 vel
1315 2180 1488 2231 nitidis
1522 2180 1714 2230 Moret.
1742 2195 1823 2243 pr.
1857 2182 1906 2228 in
1925 2180 2140 2230 Schedis
2181 2179 2321 2230 Gud.
2356 2180 2470 2233 haec

263 2247 459 2308 scripta
480 2254 652 2295 erant.
724 2247 957 2309 Cephisus
974 2245 1685 2310 liquidis—Isingr.—nitidis,
1722 2245 1862 2310 quod
1907 2245 2098 2296 lineola
2131 2245 2474 2308 subduxerat,

264 2317 319 2360 ut
335 2319 578 2360 moneret
611 2311 662 2359 in
683 2326 774 2361 suo
793 2311 975 2361 codice
998 2312 1072 2361 ita
1095 2310 1401 2360 fuisse.-—l2
1434 2325 1551 2359 rura
1571 2312 1653 2359 vel
1675 2326 1823 2372 regna
1843 2311 2015 2359 Oxou.
2036 2326 2115 2374 pr.
2139 2314 2274 2359 ndat
2295 2310 2469 2362 Vicet.
2511 2318 2514 2321 '

262 2376 412 2427 Vien.
445 2383 503 2426 et
539 2377 838 2427 Coum—13
871 2377 1002 2426 ducti
1041 2377 1269 2425 Florent.
1309 2376 1437 2425 dulci
1475 2381 1578 2424 tres
1603 2376 1726 2425 Vat.
1769 2376 1882 2425 Pal.
1927 2377 2081 2425 Farn.
2122 2375 2266 2425 Prie.
2306 2375 2475 2427 Oisel.

262 2442 384 2491 dulci
408 2443 492 2492 vel
514 2444 647 2493 ducti
668 2443 788 2491 Vat.
814 2456 895 2505 pr.
916 2444 1108 2492 Moret.
1121 2456 1200 2506 pr.
1223 2440 1366 2491 Med.
1386 2455 1492 2491 sec.
1517 2442 1661 2491 Rott.
1681 2442 1804 2492 Put.
1823 2440 2009 2491 Petav.
2035 2455 2113 2505 pr.
2130 2441 2258 2490 docti
2280 2440 2471 2505 Isingr.

263 2511 388 2558 -14
418 2524 586 2558 severa
611 2508 713 2559 Dei
730 2506 846 2558 fere
860 2523 1038 2559 omnes
1061 2507 1259 2572 scripti.
1294 2506 1393 2556 Dei
1417 2507 1499 2556 vel
1533 2508 1662 2557 Deos
1677 2508 1802 2558 Vat.
1821 2506 1986 2572 quint.
2009 2508 2109 2558 Dei
2149 2506 2326 2571 Cujsc.
2352 2507 2472 2556 Dea

1257 2643 1473 2694 No'rAE

324 2747 355 2792 8
395 2743 567 2792 Ventis
606 2743 897 2807 explicuere]
963 2743 1324 2794 Porrexerunt
1471 2747 1535 2793 12
1568 2741 1820 2806 fflpodus]
1860 2742 2113 2793 Sacerdos
2137 2756 2228 2792 seu
2246 2741 2470 2792 Phoebas

263 2819 466 2871 frondes
507 2821 724 2871 liherius
763 2828 917 2886 atque
941 2822 1206 2885 patentius
1226 2835 1324 2885 per
1384 2817 1752 2886 'vaticinatura
1768 2818 1984 2884 sedebat
2002 2833 2159 2883 super
2171 2818 2469 2884 Tripodem,

265 2896 453 2947 serem.
1402 2894 1492 2957 qui
1513 2893 1636 2942 inde
1656 2893 1825 2942 dictus
1846 2889 2111 2943 fatidicus.

328 2975 521 3039 Comus]
573 2975 806 3025 Frondes
828 2982 1110 3037 comantes,
1137 2990 1251 3039 quoe
1270 2975 1322 3025 iu

268 3051 534 3101 arboribus
558 3051 806 3102 videntur.
818 3052 1011 3102 habere
1033 3049 1323 3101 similitudi-

267 3142 378 3177 nem
401 3142 688 3177 comarum.

327 3210 389 3254 10
427 3203 676 3268 Cephisos]
729 3203 938 3267 Graece,
956 3203 1115 3268 quiet
1138 3203 1324 3265 Cephi-

267 3298 348 3331 sus
386 3282 584 3332 dicitur
607 3281 793 3332 Latina
816 3281 1204 3342 terminatione,
1238 3286 1323 3331 est

266 3359 446 3409 fluvius
512 3359 755 3421 Boeotiae,
817 3355 1065 3409 fatidicas
1124 3358 1324 3408 habens

264 3451 443 3503 aquas,
477 3443 699 3500 propter
737 3436 1024 3487 oraculum
1045 3434 1322 3486 Themidis.

266 3514 359 3563 Est
378 3521 436 3564 et
480 3512 734 3576 Cephisus
754 3511 941 3562 fluvius
962 3512 1229 3576 Phocidis,
1260 3513 1327 3564 de

264 3605 362 3655 qna
384 3590 469 3641 hic
492 3590 726 3655 loquitur
749 3589 933 3639 Poeta.

325 3668 530 3731 Par-ior]
614 3668 751 3717 Nam
797 3674 921 3716 ante
963 3668 1127 3731 nigrae
1177 3675 1326 3718 eraut

268 3760 429 3810 squoe,
451 3744 595 3810 quod
618 3759 706 3793 eas
730 3743 952 3794 bibendo
975 3744 1198 3795 foedaret
1212 3745 1325 3811 ‚Py-

266 3822 399 3873 thou.

327 3904 386 3949 11
422 3898 480 3949 Io
504 3897 681 3961 Paem]
748 3896 829 3959 Io,
862 3897 1174 3961 interjectio,
1205 3914 1319 3963 quae

267 3974 538 4041 aliquando
564 3974 765 4024 indicat
788 3974 1074 4034 tristitiam,
1096 3977 1324 4041 aliquan·

266 4053 329 4103 do
349 4051 617 4116 gaudium,
643 4058 710 4122 ⁴ut
749 4051 802 4099 in
837 4051 1091 4103 hocloco.
1160 4054 1324 4103 Paean

266 4136 342 4180 est
377 4130 600 4194 hymnus
642 4127 695 4175 in
738 4125 939 4176 laudem
962 4126 1218 4191 Apollinis
1255 4129 1323 4180 ob

269 4206 524 4257 devictum
576 4208 913 4267 serpentemt
963 4218 1327 4272 nonnunquam

268 4284 511 4351 accipitur
534 4295 636 4348 pro
657 4279 777 4347 ipso
795 4278 1054 4347 Apolline.

1471 2971 1666 3020 Plenior
1680 2970 1823 3034 auru]
1890 2971 2130 3021 Liberior
2150 2976 2352 3034 ventus,
2386 2970 2471 3021 cui

1404 3047 1648 3099 obstabat
1662 3062 1892 3113 serpens,
1911 3049 2066 3111 redit,
2080 3049 2345 3115 agitatque
2361 3049 2471 3099 Tri·

1407 3127 1614 3191 podem,
1657 3133 1713 3176 et
1742 3126 2079 3178 Sacerdotem
2103 3125 2334 3190 desuper
2356 3126 2471 3175 iusi·

1406 3205 1635 3255 dentem.
1703 3205 1958 3255 Nimirum
2002 3219 2070 3252 ex·
2102 3203 2335 3267 Justino,
2366 3205 2384 3233 ⁴
2403 3203 2469 3253 In

1402 3283 1681 3346 Delphicae
1697 3281 1839 3345 rupis
1864 3280 2360 3343 anfractu‚plauities
2381 3293 2470 3328 ex-

1406 3358 1529 3422 igua
1551 3363 1649 3420 est,
1670 3363 1826 3423 atque
1860 3356 1912 3406 in
1940 3370 2005 3406 ea
2028 3355 2340 3420 profundum
2365 3361 2470 3405 ter-

1407 3452 1480 3486 rae
1502 3437 1754 3501 foramen,
1791 3434 1930 3501 quod
1967 3434 2023 3484 in
2045 3434 2252 3484 oracula
2287 3437 2467 3506 patet}
2569 3431 2572 3434 ’

1405 3528 1472 3563 ex
1497 3528 1600 3578 quo
1636 3510 1858 3576 frigidus
1890 3511 2103 3574 spiritns
2136 3509 2188 3558 vi
2226 3508 2471 3575 quadam,

1406 3591 1553 3640 velut
1568 3594 1746 3651 vento,
1756 3588 1811 3637 in
1834 3586 2048 3637 sublime
2067 3587 2312 3650 expulsus
2328 3599 2471 3635 men·

1387 3673 1487 3716 us
1509 3672 1687 3715 vatum
1710 3666 1763 3713 in
1787 3664 2080 3715 vecordiam
2103 3663 2471 3727 vertit,imple-

1405 3751 1590 3810 tasque
1613 3744 1745 3803 Deo,
1788 3758 2042 3809 respousa
2075 3744 2471 3796 consulentibus

1405 3822 1534 3872 dare
1556 3821 1733 3885 cogit!

1470 3904 1531 3949 13
1588 3899 1870 3963 Musarum]
1927 3900 2059 3951 Ωιταε
2100 3899 2468 3950 conticuerant

1402 3980 1620 4041 propter
1641 3983 1836 4028 metum
1855 3975 2129 4042 Pythonis.

1469 4057 1531 4102 14
1583 4052 1843 4116 Themidis]
1883 4052 2089 4122 Themis
2131 4066 2223 4101 seu
2260 4049 2470 4100 Astraea

1403 4129 1459 4179 in
1483 4128 1612 4181 urbe
1630 4130 1849 4197 Delphis
1869 4135 1993 4181 ante
2015 4127 2310 4195 Apollinem
2328 4127 2467 4179 cole-

1404 4207 1576 4259 batur.
1985 4207 1990 4208 ⁷
