2925 4928
865 444 963 492 nu
997 443 1288 491 MALLI!
1330 441 1608 495 meon.
1655 441 1863 493 eous„
2324 427 2455 500 421

260 587 636 639 venationum:
670 589 908 641 hortatur
930 589 998 640 ad
1018 590 1196 651 Risus,¹
1211 590 1468 654 Facetias,
1489 591 1826 651 comediam,
1838 590 2185 656 Tragoediam,
2213 597 2267 642 et
2286 591 2459 642 omnia

259 677 502 744 cantuum
523 671 825 750 laetitiaeque
848 687 1054 738 genera.
1136 672 1222 722 Sic
1246 673 1432 724 colitur
1453 673 1642 725 doctus
1663 674 1987 740 Theodorus,
2021 675 2105 725 cui
2140 673 2330 725 similes
2368 688 2459 739 op-

258 759 432 803 tantur
455 761 694 820 nepotes.

255 1089 446 1178 IPSA
478 1113 750 1197 quidem
780 1114 988 1179 virtus
1016 1114 1299 1197 pretium
1328 1114 1481 1191 sibi,
1514 1114 1791 1197 solaque
1820 1115 1955 1182 late

254 1216 571 1281 Fortunae
602 1236 841 1281 secura
868 1217 1075 1281 nitet:
1118 1235 1239 1280 nec
1267 1215 1568 1280 fascibus
1598 1217 1750 1281 ullis

252 1319 566 1403 Erigitur,
597 1321 921 1403 plausuve
950 1321 1117 1402 petit
1147 1320 1506 1385 clarescere
1535 1320 1721 1402 vulgi
1748 1344 1765 1388 ε

251 1423 371 1487 Nil
401 1425 557 1506 opis
586 1428 875 1487 externae
909 1423 1212 1505 cupienS,
1234 1422 1327 1486 nil
1359 1422 1585 1506 indiga
1611 1424 1855 1503 laudiS‚

254 1525 535 1591 Divitiis
568 1527 869 1591 animosa
896 1527 1059 1603 suiS,
1083 1527 1495 1610 immotaque
1526 1528 1787 1591 cunctis
2411 1528 2455 1589 5

253 1626 572 1706 CasibuS‚
599 1649 686 1692 ex
718 1629 852 1692 alta
879 1628 1185 1694 mortalia
1211 1627 1500 1711 despicit
1528 1648 1700 1692 arce.

250 1728 569 1797 Attamen
596 1731 876 1795 invitam
903 1730 1141 1794 blande
1170 1731 1482 1813 vestigat,
1516 1738 1586 1794 et
1613 1732 1793 1795 ultro

248 1827 487 1900 Ambit
519 1834 786 1899 Honos.
880 1834 1131 1898 Docuit
1158 1836 1359 1899 toties
1391 1854 1433 1898 a
1461 1855 1607 1899 rure
1635 1834 1974 1919 profectus

319 2000 489 2051 Virtus
520 2007 646 2051 certe
676 2002 781 2064 ipsa
815 2016 987 2050 merces
1008 2008 1087 2051 est
1111 2001 1220 2067 sibi,
1240 2006 1288 2051 et
1325 2017 1419 2051 una
1451 2002 1595 2051 micat
1626 2001 1821 2064 passim,
1854 2017 1947 2050 non
1980 2015 2149 2050 curans
2172 2000 2457 2062 forttmam:

244 2081 393 2130 neque
428 2067 669 2120 attollitur
704 2067 813 2115 ullis
842 2066 1107 2125 honoribus,
1141 2072 1224 2117 aut
1254 2068 1403 2130 poscit
1440 2067 1664 2116 celebrari
1699 2068 2032 2117 acclamatione
2062 2067 2309 2130 populari:
2360 2083 2456 2117 non

244 2132 388 2181 avida
406 2139 784 2181 ornamentorum
801 2132 1079 2194 alienorum,
1111 2133 1317 2195 gloriosa
1337 2133 1624 2182 ornamentis
1653 2132 1882 2196 propriis,
1910 2137 1957 2181 et
1990 2132 2261 2181 inconcussa
2280 2134 2455 2183 eventi-

246 2196 330 2245 bus
350 2196 584 2259 omnibus,
605 2200 840 2260 despectat
864 2212 945 2246 res
968 2200 1165 2247 caducas
1185 2212 1247 2246 ex
1268 2203 1400 2247 turre
1419 2199 1615 2247 excelsa.
1683 2199 1849 2246 Honos
1880 2201 2036 2246 tamen
2070 2197 2242 2261 quoerit
2283 2198 2455 2247 leniter

247 2261 380 2312 banc
398 2261 730 2326 refugientem,
745 2268 794 2311 et
815 2267 978 2326 sponte
997 2263 1113 2312 huic
1136 2262 1374 2313 blanditur
1390 2281 1410 2315 .·
1455 2264 1594 2314 lictor
1615 2264 1756 2313 toties
1774 2263 1962 2313 veniens
1978 2278 2040 2312 ex
2060 2264 2193 2326 agris
2215 2262 2268 2311 id
2285 2262 2455 2327 proba-

1139 2421 1145 2426 ·
1168 2410 1432 2431 OOONOOOO
1437 2408 1525 2429 ‘O‘

311 2512 339 2555 l
392 2508 479 2557 De
513 2509 672 2558 variis
707 2510 1129 2574 Philosophorum
1162 2510 1494 2574 opinionibus
1533 2511 1639 2561 vid.
1676 2512 1962 2562 Minucium
1998 2511 2243 2570 Felicem,
2276 2507 2348 2559 ibi
2389 2523 2455 2558 ue

246 2573 719 2635 commentatores,
752 2583 807 2624 et
842 2575 1092 2639 imprimis
1113 2576 1664 2626 Elmenborstium.—2
1697 2578 1820 2627 siret
1844 2578 2071 2626 Floreat.
2108 2575 2321 2635 fastibus
2353 2525 2457 2622 duo

247 2637 429 2691 Leidd.
448 2653 566 2688 cum
591 2640 776 2703 viginti
799 2642 924 2690 aliis.
957 2643 1090 2691 Exc.
1114 2641 1331 2691 Gevart.
1351 2642 1551 2690 Schott.
1569 2649 1622 2691 et
1641 2642 1958 2691 Cod.Rhem.
1971 2641 2155 2690 Sched.
2172 2640 2312 2691 Gud.
2331 2639 2455 2691 item

246 2703 409 2753 Gesn.
434 2710 494 2753 et
516 2706 597 2753 ed.
622 2706 835 2768 Bipont.
888 2706 1101 2767 fascibus
1133 2714 1239 2757 tres
1274 2708 1418 2755 Vatt.
1456 2706 1572 2756 Pal.
1595 2706 1696 2756 duo
1719 2708 1904 2756 Petav.
1927 2707 2128 2756 TholoS.
2152 2707 2347 2755 Moret.
2372 2719 2453 2768 pr.

233 2768 447 2828 fastibus
485 2771 568 2818 vel
590 2769 804 2828 fascibus
836 2773 1168 2821 Florent.—3
1199 2773 1425 2834 plausuve
1445 2772 1600 2821 Fam.
1660 2774 1914 2836 plausuque
1931 2774 2054 2821 Vat.
2080 2787 2156 2834 pr.
2182 2772 2308 2835 Reg.
2330 2772 2454 2821 Vat.

244 2835 417 2884 Livin.
452 2838 601 2882 tumet
625 2836 763 2885 Prie.
810 2838 916 2897 tagi
938 2850 1032 2899 pro
1052 2837 1185 2897 vulgi
1206 2836 1322 2885 Pal.
1342 2836 1430 2885 lib.
1452 2837 1732 2887 Barth.—4
1765 2838 1993 2886 hesternae
2015 2837 2115 2885 duo
2137 2838 2283 2886 Vatt.
2306 2835 2455 2887 Leia.

243 2900 367 2949 exile
389 2900 518 2948 Var.
541 2900 646 2949 LL.
677 2901 762 2950 ed.
787 2901 948 2951 Antv.
998 2901 1116 2949 nihil
1137 2900 1281 2950 Med.
1307 2907 1429 2950 tert.
1465 2917 1557 2951 nou
1578 2901 1814 2952 Pric.·—-5
1852 2904 2117 2965 inmotaque
2138 2916 2318 2966 semper
2341 2903 2457 2952 Mo·

243 2972 341 3014 ret.
365 2978 472 3014 see.
541 2967 811 3028 inmotaque
830 2966 991 3015 mundi
1014 2965 1197 3015 Ambr.
1219 2971 1401 3028 pr.—6
1436 2966 1655 3015 Cassibus
1685 2966 1807 3016 Pat.
1880 2968 2078 3016 Casibus
2113 2967 2194 3016 vel
2233 2967 2454 3017 Cassibus

243 3029 391 3093 Med.
434 3035 655 3080 tert—7
692 3031 835 3080 Hauc
856 3035 1012 3080 tamen
1035 3031 1189 3081 Farn.
1230 3032 1360 3080 Exc.
1386 3032 1604 3081 Lucens.
1629 3047 1709 3096 pr.
1744 3032 1828 3083 ed.
1870 3033 2037 3083 Vicet.
2071 3032 2196 3083 Var.
2221 3034 2327 3083 LL.
2364 3032 2453 3082 ed.

243 3092 403 3145 Antv.
474 3095 545 3143 Et
567 3099 723 3144 tamen
743 3097 868 3145 Vat.
891 3110 971 3159 pr.
1035 3097 1105 3146 At
1128 3101 1284 3145 tamen
1304 3097 1427 3145 Vat.
1462 3094 1568 3146 sec.
1590 3095 1714 3147 Jun.
1757 3112 1834 3161 pr.
1876 3098 1977 3146 duo
2013 3096 2196 3146 Leidd.
2235 3098 2454 3148 totidem

246 3160 418 3209 Oxon.
455 3160 601 3209 Hauc
619 3166 777 3210 tamen
797 3161 874 3210 vel
896 3161 966 3210 At
983 3165 1138 3209 tamen
1161 3161 1305 3211 Prie.
1324 3160 1514 3210 Petav.
1543 3168 1666 3211 tert.
1688 3163 1812 3212 Vat.
1837 3170 2008 3228 quart.
2042 3162 2091 3211 in
2109 3162 2257 3210 vitam
2278 3163 2453 3212 divisis

244 3224 458 3274 vocibus
494 3227 642 3278 Junt.
677 3225 800 3275 Ald.
866 3226 1066 3275 invitam
1088 3227 1427 3275 velinventam
1454 3226 1633 3275 Ambr.
1673 3232 1853 3289 pr.—8
1885 3229 2028 3276 Itonos
2050 3229 2244 3277 Mazsr.
2308 3229 2454 3277 honor

244 3290 424 3340 decem
449 3291 556 3340 alii.
610 3293 771 3340 docuit
792 3292 876 3340 ed.
901 3290 1075 3340 Parm.
1099 3292 1189 3340 sed
1224 3291 1278 3339 in
1314 3305 1375 3340 ea
1414 3292 1570 3340 decuit
1592 3293 1918 3341 emendatum
1943 3298 2057 3341 erat
2078 3307 2231 3341 manu
2250 3292 2456 3342 diversa

241 3356 305 3405 ab
327 3356 434 3417 ills,
508 3371 572 3404 ua
606 3363 799 3406 ceterae
822 3356 997 3405 Variae
1020 3357 1295 3406 Lectiones
1319 3364 1513 3406 notatae
1536 3363 1701 3405 erant.
1765 3357 1840 3405 Ut
1873 3358 2125 3407 incertum
2149 3358 2234 3419 sit,
2253 3370 2318 3405 au
2339 3358 2452 3406 haec

243 3435 309 3469 ex
329 3422 454 3471 Vet.
524 3421 610 3471 od.
635 3423 704 3471 sit
726 3422 999 3486 depromta
1021 3422 1196 3471 lectio.
1247 3421 1357 3470 haee
1383 3422 1631 3470 Heinsius
1655 3421 1719 3470 ad
1745 3420 1911 3485 Lugd.
1935 3420 2020 3470 ed.
2043 3426 2187 3483 1551,
2219 3421 2306 3486 qui
2341 3422 2451 3472 vul-

245 3493 418 3550 gatam
445 3493 620 3536 tamen
645 3500 747 3536 nou
770 3486 1023 3537 mutabat.
1085 3486 1264 3550 quoties
1288 3486 1431 3536 Med.
1456 3492 1581 3536 tert.
1644 3501 1675 3534 a
1692 3500 1802 3536 rure
1824 3487 2024 3536 Bonan.
2047 3485 2251 3537 Tbolos.
2271 3485 2451 3536 Ambr.

1242 3636 1292 3685 N
1300 3633 1457 3685 O'rAE

307 3755 332 3800 1
377 3750 566 3813 Virtus]
620 3752 636 3779 ‘
661 3751 927 3800 Virtutum
950 3749 1175 3800 omnium
1192 3765 1308 3815 pre·
1389 3754 1597 3812 spectat
1630 3749 1874 3813 peritura.
1940 3749 2064 3812 Ipsa
2092 3747 2190 3798 sibi
2226 3762 2319 3797 arx
2351 3755 2452 3809 est,

245 3828 370 3878 tium
393 3830 444 3877 in
467 3829 594 3892 ipsis
618 3829 735 3879 est!
769 3829 985 3878 Seneca.
1390 3827 1504 3890 ipsa
1538 3825 1638 3876 sibi
1672 3827 1829 3875 turris
1866 3825 2310 3891 inexpugnabilis:
2336 3840 2452 3875 ‚ve-

256 3914 268 3939 ¹
306 3910 337 3954 2
372 3905 625 3968 Fascibus]
675 3905 844 3955 Nullis
865 3904 1132 3954 extollitur
1152 3905 1309 3953 hono·
1390 3909 1531 3953 teres
1552 3903 1836 3966 Sapientiae
1861 3919 2034 3954 arcem
2055 3904 2455 3966 constituerunt,

242 3981 397 4044 ribus,
421 3996 637 4045 quorum
662 3980 887 4045 insignia
907 3988 1027 4029 sunt
1048 3979 1233 4029 fasces.
1390 3995 1506 4044 quae
1548 3980 1672 4029 nibil
1706 3980 1845 4029 aliud
1863 4019 1869 4025 .
1884 3988 1986 4043 est,
2010 3995 2161 4046 quam
2203 3981 2453 4030 securitas

245 4082 250 4083 ν
305 4063 334 4105 5
367 4058 621 4122 Animosa]
661 4058 838 4120 Freta,
861 4057 1048 4120 audax,
1068 4058 1308 4120 gloriosa.
1391 4065 1446 4105 et
1482 4058 1797 4120 constantia,
1819 4057 2293 4122 quibusmunitum
2332 4072 2453 4122 pec-

241 4132 325 4182 Sic
360 4132 438 4181 vir
468 4139 734 4195 constans,
763 4133 781 4160 ⁴
804 4148 898 4182 sua
920 4147 976 4182 se
1012 4134 1204 4183 virtute
1237 4132 1311 4182 in·
1389 4140 1474 4182 tus
1517 4135 1687 4183 omnia
1729 4134 1970 4198 despicit,
2011 4140 2253 4200 tanquam
2302 4149 2450 4184 mons

242 4208 434 4264 volvit!
458 4211 675 4260 Cicero.
1390 4210 1667 4274 Olympus.

307 4291 339 4335 6
373 4288 455 4337 Ex
475 4286 608 4349 arce]
674 4286 858 4337 Virtus
881 4302 1039 4351 supra
1071 4302 1153 4338 res
1180 4302 1311 4338 mor·
1455 4293 1488 4338 8
1518 4287 1685 4337 Ambit
1705 4289 1864 4352 honos]
1886 4328 1891 4333 .
1913 4290 2097 4349 Honor
2116 4295 2173 4341 et
2190 4290 2352 4356 gloria
2372 4303 2452 4339 se·

244 4363 373 4414 tales
416 4363 726 4428 constituta,
768 4364 911 4413 velut
947 4377 1016 4413 ex
1059 4377 1178 4414 arce
1221 4362 1310 4414 de·
1389 4371 1620 4434 quuntar
1639 4364 1920 4432 fugientes.
