2925 4928
656 410 749 477 96
1385 426 1502 475 οι..
1550 424 1974 475 cLAnmAm
2024 427 2140 475 ιιι.

664 570 830 641 Nox
858 568 1080 654 genuit
1104 569 1319 637 foetu:
1363 570 1586 635 nutrix
1619 570 1982 635 Discordia
2007 569 2194 648 belli,

661 672 1041 757 Imperiosa
1074 673 1342 751 Fames,
1372 673 1514 740 leto
1537 674 1767 738 vicina
1797 674 2150 751 SenectuS,

662 775 1168 860 Impatiensque
1197 777 1306 841 sui
1339 775 1642 854 Morbus,
1668 777 2003 860 Livorque
2035 775 2349 841 secundis

659 877 950 957 Anxius,
980 882 1046 942 et
1075 878 1293 943 scisso
1318 890 1613 944 moe'rens
1642 880 1971 943 velamine
2003 879 2281 956 Luctus,

662 981 750 1047 Et
777 980 1030 1059 Timor,
1058 987 1123 1047 et
1147 1000 1335 1046 caeco
1362 1001 1678 1066 praeceps
1702 982 2019 1047 Audacia
2045 982 2258 1059 vultu,

661 1083 757 1150 Et
785 1083 1021 1149 Luxus
1046 1084 1403 1169 populator
1430 1104 1658 1168 opum,
1691 1104 1893 1168 quem
1921 1103 2186 1168 semper
2215 1083 2560 1149 adhaerens

664 1184 915 1251 Infelix
943 1186 1181 1250 humili
1208 1205 1437 1270 gressu
1466 1187 1817 1253 comitatur
1843 1187 2148 1269 Egestas,

665 1287 1008 1371 Foedaque
1035 1288 1768 1373 Avaritiae-complexae
1798 1294 2071 1374 pectora
2094 1285 2325 1352 matris

665 1389 1013 1456 Insomnes
1040 1393 1236 1474 longo
1264 1392 1543 1456 veniunt
1569 1394 1878 1457 examine
1908 1392 2131 1458 Curae.

666 1489 1096 1577 Complentur
1122 1495 1312 1559 vario
1341 1493 1593 1559 ferrata
1620 1494 1862 1559 sedilia
1889 1500 2093 1571 coetu,

664 1595 1022 1681 Torvaque
1055 1596 1355 1661 collectis
1384 1597 1668 1679 stipatur
1700 1594 1902 1660 Curia
1932 1594 2267 1660 monstris.

576 1765 589 1771 „
663 1695 905 1763 Alecto
933 1697 1165 1763 stetit·
1145 1717 1217 1761 ιιι
1243 1697 1519 1780 mediis3
1560 1697 1934 1805 vulgusque
1960 1703 2176 1763 tacere
2243 1696 2246 1699 ’

666 1879 928 1930 Discordia
948 1880 1103 1930 altrix
1122 1879 1248 1944 belli,
1268 1880 1436 1930 Fames
1455 1880 1770 1941 dominatrix,
1792 1879 2022 1930 Senectus
2036 1881 2298 1957 propinqua
2317 1879 2481 1943 morti,
2503 1879 2698 1929 Morbus
2718 1895 2757 1929 m

664 1959 743 1994 sus
765 1944 818 1993 in
840 1960 910 2008 se,
932 1946 1121 1995 Invidia
1142 1946 1336 1995 inimica
1363 1944 1707 2009 prosperitatis,
1729 1951 1776 1994 et
1794 1945 1971 1995 Luctus
1985 1947 2142 1995 tristis
2155 1946 2360 1995 vestibus
2379 1945 2614 2007 heerdis,
2627 1950 2673 1994 et
2691 1945 2757 1993 Tiz

666 2015 715 2057 et
735 1981 950 2060 Audac'ia
971 2012 1238 2073 temeraria,
1260 2009 1394 2070 facie
1414 2015 1605 2072 coecata,
1627 2015 1675 2059 et
1712 2011 1880 2060 Luxus
1909 2012 2151 2074 proedator
2181 2011 2481 2072 divitiarum,
2515 2024 2648 2073 quem
2664 2011 2757 2072 Eg«

665 2073 877 2132 infausta
909 2079 1135 2138 perpetuo
1157 2075 1256 2139 ipsi
1293 2076 1440 2140 affixa
1461 2071 1671 2138 sequitur
1697 2075 1895 2138 pedibus
1929 2075 2228 2139 supplicibus,
2248 2081 2295 2124 et
2319 2076 2461 2125 Curoe
2496 2075 2752 2138 pervigiles

662 2140 919 2200 'plectentes
936 2140 1090 2188 sinum
1110 2145 1295 2203 turpem
1323 2140 1560 2189 Avaritiae
1591 2141 1808 2202 parentis
1845 2154 1971 2202 suoe,
2000 2141 2274 2189 conveniant
2295 2141 2433 2202 longa
2455 2145 2661 2189 caterva.
2725 2138 2759 2187 »S

656 2203 834 2261 ferreoe
853 2206 1097 2280 replentur
1112 2208 1303 2253 caterva
1322 2205 1528 2265 diversa,
1550 2209 1597 2253 et
1619 2206 1728 2253 aula
1746 2206 1972 2254 densatur
1992 2206 2296 2267 congregatis
2325 2204 2562 2268 portentis
2590 2204 2759 2253 maden

666 2268 835 2318 Alecto
853 2269 1011 2319 media
1030 2270 1185 2334 stetit,
1201 2274 1250 2318 et
1285 2267 1534 2333 imperavit
1569 2268 1749 2332 plebem
1782 2270 1918 2319 silere
1924 2274 2096 2334 ,atque
2126 2270 2288 2330 reiecit
2302 2274 2407 2334 post
2429 2271 2619 2320 dorsum
2636 2283 2759 2334 serpe

1593 2421 1647 2439 Oe
1683 2420 1764 2440 ‘OC
1770 2420 1912 2440 “000
1920 2420 1947 2440 O

666 2524 750 2573 vel
778 2523 903 2574 riaeae
934 2522 1106 2573 Oxon.
1147 2538 1227 2589 pr.
1272 2523 1454 2573 nutriit
1476 2523 1658 2587 cujac.
1682 2523 1745 2573 ad
1769 2523 1955 2586 Isingr.
1958 2528 2084 2573 -31
2121 2525 2237 2574 lecto
2260 2522 2442 2575 Ambr.
2462 2537 2569 2574 sec.
2591 2524 2760 2573 Farne

667 2593 732 2638 32
765 2588 953 2638 secundi
984 2590 1193 2639 Fames.
1198 2592 1326 2638 -34
1363 2589 1611 2637 Heinsius
1647 2589 1945 2653 conjecerat
1985 2590 2177 2639 Tumor.
2226 2591 2384 2638 videas
2424 2591 2612 2640 Parnes
2616 2593 2761 2638 .-35

666 2653 864 2704 Mutet.
888 2668 966 2716 pr.
992 2654 1116 2704 Vat.
1146 2653 1312 2703 Livin.
1336 2655 1464 2703 Exc.
1489 2655 1710 2704 Lucens.
1745 2668 1852 2703 sec.
1887 2657 1993 2703 vet.
2016 2654 2099 2704 ed.
2123 2653 2298 2702 Parm.
2346 2655 2454 2718 quoi
2475 2653 2557 2704 ed.
2577 2654 2751 2705 Vicet.

666 2719 1058 2782 velquemalter
1082 2719 1280 2769 Moret.
1327 2719 1579 2782 quemreli
1618 2719 1669 2766 ui
1692 2732 1888 2779 manee,
1912 2726 1968 2767 ut
2004 2728 2058 2767 et
2096 2720 2221 2769 Var.
2241 2719 2347 2768 LL.
2377 2719 2461 2768 ed.
2486 2717 2648 2768 Antv.
2672 2717 2761 2766 in]

667 2789 819 2833 extat
847 2783 864 2811 ‘
890 2798 1041 2858 quem
1061 2798 1264 2846 semper
1286 2785 1590 2848 Egestasn
1528 2783 1590 2833 In
1618 2784 1721 2832 elix
1741 2784 1916 2832 humili
1937 2798 2111 2846 gressu
2129 2785 2409 2834 comitatur
2431 2780 2677 2833 euntem?
2711 2782 2761 2833 H

667 2848 769 2897 sius
791 2848 1106 2934 ascripserat
1127 2850 1297 2898 locum
1329 2849 1490 2897 ovid.
1516 2849 1650 2897 Met.
1673 2850 1852 2897 x11.in
1877 2848 2003 2897 Fab.
2027 2850 2228 2911 Cygni.
2264 2849 2630 2914 ‘cedentique
2652 2862 2761 2912 sequ

660 2912 866 2964 instat?
899 2912 972 2961 sic
995 2913 1046 2960 in
1070 2914 1264 2975 optimo
1287 2914 1417 2962 Cod.
1442 2914 1652 2976 legitur.
1706 2914 1858 2976 vulgo
1884 2914 2240 2977 cedentemque·
2289 2913 2409 2962 dein
2432 2914 2534 2963 alia
2556 2928 2713 2963 manu
2733 2927 2761 2961 n

664 2981 779 3027 tum
819 2984 948 3040 erat,
979 2979 1218 3026 adherere
1251 2978 1471 3040 aliquem.
1518 2978 1622 3026 vid.
1648 2977 1753 3041 Gip
1759 2980 1871 3027 han.
1897 2978 2015 3026 Ind.
2041 2979 2252 3028 Lucret.
2278 2981 2528 3056 populator
2550 2978 2761 3041 velspol

667 3043 800 3106 Reg.
802 3046 931 3091 ——87
965 3042 1145 3090 viscera
1166 3042 1310 3093 Med.
1345 3058 1424 3106 pr.
1462 3042 1581 3091 Pal.
1604 2994 1753 3090 unusp
1771 3043 1957 3091 Heins-
2002 3049 2194 3107 pectora
2214 3046 2293 3092 vel
2315 3046 2493 3093 viscera
2515 3043 2658 3093 Pric.
2678 3043 2761 3091 M<

667 3121 755 3155 sec
759 3111 902 3156 .--38
933 3107 1125 3156 veniunt
1148 3108 1282 3169 longo
1302 3107 1559 3156 certamine
1578 3107 1720 3156 Prie.
1769 3123 1832 3156 ex
1852 3109 2015 3157 ordine
2042 3110 2105 3157 ad
2140 3109 2324 3167 Isingr.
2345 3108 2506 3172 Cujac
2512 3111 2660 3157 .-39
2681 3107 2761 3168 fer

666 3171 752 3220 vel
773 3175 950 3220 secreta
965 3172 1090 3221 Vat.
1114 3178 1224 3235 opt.
1246 3172 1421 3221 cubilia
1444 3172 1635 3222 Incert.
1661 3172 1842 3221 Heius.
1860 3188 1975 3222 am.
1994 3188 2073 3236 pr.
2077 3178 2205 3222 -40
2225 3178 2414 3236 totaque
2438 3173 2556 3222 Pat.
2581 3173 2761 3221 Moret

666 3234 812 3285 Leid.
836 3250 958 3284 am.
981 3250 1086 3285 sec.
1110 3237 1194 3287 ed.
1216 3238 1424 3287 Claver.
1447 3252 1612 3301 marg.
1633 3237 1816 3300 Isingr.
1848 3242 2070 3300 toruaque
2086 3239 2269 3301 reliqui
2290 3251 2487 3299 omnes
2502 3238 2636 3287 Exc.
2653 3238 2761 3286 Luc

666 3300 752 3351 ed.
771 3301 945 3351 Parm.
966 3309 1022 3351 et
1043 3301 1216 3352 Vicet.
1259 3307 1480 3365 torvaque
1505 3303 1584 3351 vel
1608 3307 1796 3365 totaque
1817 3304 1952 3351 alter
1973 3302 2121 3351 Leid.
2154 3308 2367 3365 tetraque
2388 3273 2570 3365 Cuj'ac:
2593 3300 2660 3351 ad
2684 3301 2760 3352 Isi

667 3370 793 3416 —41
829 3367 1016 3415 Allecto
1038 3382 1216 3416 omnes
1239 3366 1423 3429 scripti
1447 3366 1576 3417 fere.
1624 3368 1775 3416 medio
1797 3368 1913 3416 Pat.
1938 3367 2081 3416 Prie.
2107 3366 2300 3416 Moret.
2324 3381 2404 3430 pr.
2427 3366 2513 3417 ed.
2530 3366 2710 3416 Vicet.
2754 3389 2761 3413 .=

664 3429 719 3479 in
739 3432 890 3481 medio
912 3431 1124 3481 Fames.
1160 3432 1328 3481 mediis
1348 3432 1558 3482 Tholos.
1583 3433 1711 3483 Exc.
1733 3432 1956 3483 Lucens.
2003 3432 2180 3481 medios
2200 3432 2321 3481 Vat.
2346 3446 2428 3497 pr.
2461 3432 2683 3496 cultuque
2699 3432 2762 3482 Cr

1658 3589 1871 3640 NOTAE

664 3718 789 3753 num
809 3704 1004 3767 patella
1022 3707 1344 3768 operculum.
1395 3707 1478 3755 Ex
1499 3706 1596 3755 hoc
1615 3720 1733 3755 con·
1809 3703 2111 3754 lacerabant
2131 3708 2323 3755 vestes.

653 3780 804 3845 jugia
839 3786 977 3830 natae
1013 3782 1206 3843 Furiae,
1227 3791 1283 3830 et
1320 3790 1502 3846 pestes
1536 3791 1732 3845 omnes,
1875 3784 1939 3829 39
1971 3779 2201 3843 Far-ata]
2265 3779 2559 3831 Inferorum
2579 3779 2761 3832 habita

664 3872 784 3922 quae
806 3872 967 3920 genus
989 3857 1264 3907 humanum
1285 3857 1558 3908 infestant.
1808 3854 1980 3905 ferrea
2012 3863 2150 3906 sunt.
2232 3856 2512 3921 Virgilius:
2549 3859 2566 3887 ‘
2594 3858 2759 3908 Ferre

732 3937 797 3982 32
848 3934 1196 3997 Impatiensque
1228 3935 1305 3984 sui
1341 3935 1561 3999 Morbus]
1627 3937 1731 3988 Qui
1810 3931 2152 3983 Eumenidum
2188 3932 2435 3984 thalami?
2499 3934 2564 3984 Id
2608 3935 2751 3999 quod

664 4014 775 4060 tam
791 4023 1018 4059 morosos
1040 4025 1102 4057 ae
1123 4008 1360 4060 difficiles
1376 4010 1551 4061 reddit
1568 4028 1731 4077 aegro-
1809 4009 1968 4073 gitur,
1983 4010 2103 4073 quia
2126 4009 2249 4059 nihil
2271 4025 2372 4058 non
2392 4009 2575 4070 durum
2598 4010 2654 4059 in
2675 4009 2763 4060 inf·

665 4091 860 4151 tantes,
878 4094 937 4136 ut
961 4102 1015 4135 se
1038 4088 1127 4137 vix
1149 4090 1258 4151 pati
1282 4089 1497 4151 possint.
1872 4092 1938 4137 40
1964 4088 2115 4137 Torva
2132 4087 2304 4149 Caria]
2331 4087 2451 4136 Non
2471 4088 2612 4151 quod
2640 4094 2760 4142 torv

727 4166 793 4211 33
831 4161 1038 4224 Anxius]
1077 4165 1207 4212 Nam
1243 4167 1258 4191 ‘
1283 4164 1500 4214 Invidus
1519 4165 1731 4215 alterius
1807 4164 1967 4227 Aula,
1988 4163 2080 4214 sed
2102 4164 2221 4228 quia
2245 4164 2479 4214 continet
2513 4172 2752 4258 monstra

665 4238 940 4290 marcescit
960 4240 1115 4289 rebus
1138 4239 1353 4303 opimis!
1806 4257 1875 4292 va
1896 4249 2055 4307 atque
2073 4243 2322 4293 crudelia.

730 4313 888 4366 Scissa
918 4316 1170 4382 velandae]
1234 4316 1452 4385 Antiqui
1490 4318 1545 4368 in
1582 4318 1729 4369 luctu
1869 4324 1932 4368 41
1974 4319 2175 4385 Vulgus]
2239 4320 2438 4372 Par-vas
2460 4326 2660 4386 pestes,
2683 4324 2744 4371 et
