2925 4928
465 390 601 482 284

469 553 613 626 Ceu
641 555 912 639 placido
939 552 1325 619 moderante
1356 551 1611 624 Numa.
1698 552 1861 626 Non
1886 552 2186 620 imminet
2210 553 2428 620 ensis:

470 660 700 726 Nullae
728 659 1050 722 nobilium
1079 657 1344 724 caedes:
1387 677 1522 721 non
1555 657 1836 721 crimina
1863 658 2061 740 vulgo
2103 713 2108 718 .

467 762 849 828 Texuntur:
898 763 1119 845 patria
1145 770 1433 830 moestus
1461 782 1598 826 non
1629 762 1908 827 truditur
1934 763 2152 841 exul„

471 866 693 950 Impia
722 866 1019 930 continui
1049 872 1318 931 cessant
1348 871 1697 948 augmenta
1725 866 1954 931 tributi
1981 888 1997 931 :
2161 867 2166 871 ’

474 969 634 1035 Non
661 969 963 1033 infelices
989 970 1260 1047 tabulae,
1288 990 1423 1036 non
1449 971 1647 1035 hasta
1673 968 1918 1034 refixas

1170 406 1289 458 cho.
1330 404 1761 460 chAumANl
1808 405 1978 468 vlu.

470 1072 725 1142 Vendit
754 1094 954 1158 opes:
1003 1074 1203 1140 avida
1232 1081 1452 1139 sector
1479 1093 1619 1139 non
1649 1091 1822 1139 voce
1853 1074 2103 1139 citatur
2130 1094 2149 1138 z

474 1175 625 1241 Nec
655 1182 767 1240 tua
795 1180 1073 1260 privatis
1104 1185 1405 1243 crescunt
1433 1179 1669 1244 aeraria
1698 1178 1982 1244 damnis..

472 1359 633 1408 Numa
665 1366 909 1422 regnante.
977 1363 1088 1412 Non
1117 1364 1308 1425 gladius
1328 1364 1566 1412 minatur.-
1616 1364 1758 1413 nulla·
1778 1365 1899 1412 sunt
1917 1363 2065 1412 coedes
2084 1360 2308 1411 nobilium
2320 1376 2340 1418 ;
2386 1375 2478 1408 non
2499 1360 2678 1409 scelera

471 1427 804 1485 excogitantur
833 1428 1026 1491 passim.
1095 1430 1228 1477 Exul
1259 1429 1416 1478 tristis
1442 1445 1536 1480 non
1573 1431 1827 1492 expellitur
1863 1443 1892 1476 e
1927 1427 2105 1491 patrio.
2175 1428 2470 1475 Incrementa
2488 1424 2680 1484 nefaria

469 1490 773 1551 vectigalium
792 1494 1085 1543 assiam-um
1105 1495 1341 1543 desinunt.
1423 1495 1538 1543 Non
1560 1502 1681 1544 sunt
1699 1494 2064 1558 proscriptiones
2082 1490 2307 1555 infun-sice
2319 1507 2335 1539 .·
2381 1505 2472 1538 non
2491 1489 2682 1539 divitia

468 1554 709 1604 Dominis
731 1562 931 1607 extortoe
965 1559 1267 1621 publicantur
1294 1559 1387 1608 sub
1426 1560 1592 1608 hasta.-
1639 1561 1846 1609 creditor
1864 1574 1957 1607 non
1975 1560 2239 1621 appellatur
2258 1558 2456 1605 clamore
2476 1555 2681 1618 cupido,-

467 1634 618 1683 ποιμα
639 1620 791 1686 fimus
809 1628 917 1673 tuus
937 1631 1136 1687 augetur
1159 1624 1370 1688 jacturis
1395 1625 1709 1690 privatorum.
1773 1626 1851 1675 Tu
1872 1624 2079 1675 liberalis
2109 1623 2201 1673 das
2237 1636 2404 1671 aarum
2422 1621 2678 1685 copiosum,

1394 1820 1756 1840 OOOOOOm‘OO

472 1950 734 2003 Heinsius.
768 1952 1018 2003 miserante
1035 1955 1157 2005 Vat.
1180 1954 1345 2018 quint.
1377 1960 1653 2005 numerante
1673 1957 1872 2005 Bonon.
1904 1954 2058 2004 veniet
2081 1967 2175 2017 pro
2190 1952 2404 2002 imminet
2424 1952 2554 2001 Var.
2576 1949 2682 2025 LL,

472 2016 557 2067 ed.
598 2015 923 2068 Anum—494
956 2034 1039 2068 nec
1060 2021 1263 2069 crimina
1288 2021 1412 2071 Lov.
1462 2020 1644 2081 funera
1666 2022 1788 2072 Var.
1828 2021 1931 2070 LL.
1970 2019 2053 2069 ed.
2096 2018 2255 2068 AntV.
2318 2017 2522 2066 erimina
2543 2017 2681 2076 oulgt

472 2082 594 2131 Vnt.
618 2096 722 2133 sec.
755 2085 885 2145 vulgi
903 2086 984 2132 vel
1007 2086 1147 2145 vulgo
1163 2085 1307 2135 Med.
1331 2091 1571 2150 pre-495
1640 2087 1850 2135 traditur
1870 2085 2063 2134 Moret.
2086 2098 2188 2133 sec.
2270 2082 2376 2133 Hic
2399 2089 2581 2130 versus
2606 2087 2682 2129 to-

472 2151 555 2194 tus
578 2146 642 2195 ad
675 2150 960 2211 marginem
999 2151 1223 2213 scriptus
1258 2156 1373 2200 erat
1408 2152 1459 2199 in
1498 2153 1624 2201 Var.
1660 2153 1764 2201 121..
1803 2151 1885 2200 ed.
1924 2150 2247 2199 Antv.-496
2278 2146 2494 2208 contigui
2533 2145 2681 2195 Med.

469 2216 593 2260 tert.
614 2226 679 2261 m.
703 2226 778 2274 pr.
818 2213 882 2262 ad
921 2229 1098 2264 vocem
1132 2228 1253 2263 vero
1276 2220 1529 2278 augmenta
1551 2223 1828 2265 notaverat
1866 2216 2112 2264 Heinsius
2149 2213 2451 2278 sequentia:
2501 2215 2516 2239 ‘
2542 2212 2681 2272 Aug·

471 2280 678 2326 mention
715 2278 965 2327 tributum
1001 2281 1258 2329 vocabant
1291 2287 1346 2330 et
1384 2282 1719 2330 incrementum
1745 2280 2044 2345 posterioris
2082 2280 2181 2328 aevi
2220 2280 2517 2342 scriptores.
2581 2276 2684 2326 vid.

474 2340 693 2391 Casaub.
716 2342 780 2390 ad
805 2343 944 2394 Hist.
969 2344 1099 2409 Aug.
1124 2359 1174 2407 p.
1198 2349 1275 2394 16.
1321 2346 1606 2395 tributorum
1628 2346 1889 2395 auctionem
1912 2346 2046 2394 dixit
2067 2345 2284 2393 Tacitus
2309 2346 2359 2392 in
2383 2343 2496 2391 vita
2529 2340 2683 2405 Agriss

466 2406 600 2455 ‹201ae
620 2406 759 2470 apud
781 2409 999 2458 Casaub.
1023 2410 1076 2458 in
1100 2411 1242 2459 Hist.
1265 2409 1399 2474 Aug.
1420 2426 1470 2475 p.
1493 2411 1788 2461 215.'—497
1821 2426 1925 2460 cum
1935 2409 2106 2472 felices
2125 2411 2251 2459 Var.
2278 2410 2379 2458 LI..
2404 2408 2488 2456 ed.
2519 2407 2683 2455 Antv.

469 2472 632 2589 ria
646 2475 2074 2607 Venae..iimmensuratum&0153.
2085 2490 2277 2591 ¹333?
2293 2472 2684 2605 ,Xffftffiiis

472 2602 621 2652 Fam.
645 2603 786 2655 Prie.
810 2607 955 2656 Rott.
979 2605 1164 2656 Petav.
1203 2621 1281 2670 pr.
1322 2609 1448 2657 LoV.
1485 2622 1552 2658 m.
1593 2623 1669 2671 pr.
1699 2609 1901 2657 Tholos.
1937 2609 2091 2656 ambo
2128 2607 2324 2658 Moret.
2363 2605 2539 2655 Oxon.
2574 2617 2681 2653 sec.

473 2668 620 2719 Leid.
640 2684 748 2718 sec.
772 2669 948 2721 Ambr.
973 2679 1092 2721 tert.
1112 2673 1236 2722 Var.
1258 2673 1361 2722 LL.
1401 2687 1431 2721 e
1470 2687 1632 2736 marg.
1653 2673 1828 2723 Parni.
1851 2673 1970 2723 Ald.
1993 2680 2049 2722 et
2073 2674 2199 2721 Exc.
2222 2671 2441 2721 Gevart.
2512 2670 2682 2718 avidas

466 2740 674 2796 septem
699 2736 803 2785 alii.
864 2737 1028 2785 aridus
1048 2738 1194 2787 Med.
1217 2745 1385 2802 quart.
1444 2739 1612 2787 avidas
1633 2740 1716 2788 vel
1739 2739 1894 2788 uvidis
1913 2738 2147 2788 Florem.
2183 2737 2331 2787 Med.
2372 2750 2451 2800 pr.
2478 2735 2681 2785 Mazar.

471 2812 566 2846 non
587 2805 737 2848 emtor
759 2801 951 2851 Moret.
979 2817 1060 2866 pr.
1109 2804 1250 2852 avida
1270 2808 1423 2853 sector
1444 2811 1548 2853 vet.
1571 2804 1699 2867 Gyr.
1723 2805 1854 2853 Exc.
1878 2805 2101 2853 Lucens.
2122 2817 2227 2852 sec.
2244 2803 2486 2851 Heinsius
2509 2800 2575 2849 ad
2597 2814 2683 2848 vo-

420 2894 431 2900 ·
470 2876 585 2913 cem
607 2871 756 2913 sector
775 2873 1047 2916 notaverat
1063 2866 1232 2916 locum
1251 2869 1418 2919 Cicer.
1436 2868 1668 2933 Philipp.
1694 2883 1754 2920 11.
1780 2884 1831 2932 p.
1858 2874 1970 2919 186.
1991 2868 2073 2918 od.
2096 2868 2446 2917 Herna—449
2462 2867 2578 2915 Non
2600 2870 2686 2913 tua

469 2928 615 2978 Med.
640 2938 809 2993 quart.
829 2932 1030 2982 Tholos.
1066 2933 1365 2982 Notandum
1385 2948 1526 2993 vero,
1551 2950 1754 2985 versum
1777 2939 1891 2985 499.
1917 2942 1970 2983 et
1987 2938 2102 2984 500.
2128 2934 2329 2982 inverso
2344 2932 2526 2982 ordine
2544 2930 2683 2995 posi-

1398 3194 1401 3199 ·
1478 3130 1691 3181 NOTAE

469 3270 612 3334 pacis
636 3271 843 3321 tuendae
867 3274 1229 3337 peritissimus.

535 3353 633 3398 493
671 3350 837 3414 Ensis]
876 3354 1095 3417 Semper
1114 3354 1248 3403 caedi
1270 3360 1505 3418 paratus.

535 3430 631 3476 495
667 3427 935 3491 Texantur]
1000 3430 1275 3480 Delatores
1308 3446 1411 3481 non
1444 3431 1538 3480 fin-

473 3510 622 3566 gunt,
674 3519 774 3554 non
814 3506 1189 3571 machinantur,
1224 3522 1325 3557 non
1362 3508 1538 3557 dolose

473 3585 663 3630 texunt
683 3594 817 3630 nova
839 3582 1071 3631 crimina.

535 3661 635 3707 496
667 3659 844 3723 Impia]
908 3658 1205 3723 Augmenta
1227 3661 1539 3710 tributorum

460 3733 696 3784 collecta
714 3750 808 3797 per
826 3736 1149 3800 impietatem
1166 3732 1541 3803 Tyrannorum,

473 3824 576 3860 non
619 3811 788 3860 locum
842 3813 1052 3876 habent,
1092 3815 1328 3865 Honorio
1379 3816 1539 3880 impe·

475 3895 645 3937 rante.

539 3970 637 4016 497
674 3966 883 4031 Tabuloe]
947 3969 1048 4017 Vel
1085 3970 1540 4034 proscriptionum,

475 4044 560 4093 vel
581 4045 909 4108 mulctatum,
940 4059 1055 4109 quae
1077 4044 1202 4096 fisco
1226 4046 1540 4096 addiceban-

475 4127 578 4169 tur.

544 4197 657 4245 Non
676 4197 836 4260 husta]
882 4198 986 4247 Sub
1008 4199 1158 4249 hasta
1178 4202 1541 4253 vendebantur

477 4274 614 4322 bona
666 4275 1105 4339 proscriptorum:
1171 4278 1319 4328 hasta
1361 4286 1540 4332 autem

476 4349 850 4416 praefigebatur
871 4351 1092 4418 publicis
1112 4353 1514 4410 venditionibus.

1684 3275 1904 3341 Refixus]
1969 3266 2211 3326 Dominis
2248 3278 2473 3337 ereptas,
2508 3279 2689 3324 extor-

1618 3360 1712 3404 tas.

1680 3435 1778 3481 498
1811 3430 1999 3494 Sutor]
2063 3429 2169 3480 Hic
2198 3435 2281 3481 est
2312 3429 2397 3478 vel
2433 3427 2689 3492 creditor,

1619 3511 1706 3575 qui
1741 3510 1862 3573 jure
1903 3509 2116 3574 antiquo
2140 3509 2447 3571 debitorum,
2468 3507 2561 3572 qui
2586 3508 2687 3556 sol*

1621 3584 1787 3635 vendo
1807 3600 1908 3635 non
1932 3593 2124 3649 essent,
2161 3599 2379 3648 corpora
2413 3583 2467 3632 in
2507 3588 2688 3646 partes

1621 3676 1795 3712 secare
1834 3668 2078 3726 poterat:
2137 3664 2221 3711 vel
2262 3668 2431 3710 sector
2470 3666 2554 3709 est
2598 3660 2690 3724 qui

1619 3739 1754 3788 bona
1781 3740 2190 3804 proscriptorum
2213 3739 2356 3800 emit,
2378 3742 2434 3786 et
2457 3736 2610 3801 quasi
2634 3736 2688 3784 in

1620 3823 1795 3880 partes
1816 3823 1957 3865 secat
1978 3833 1990 3865 :
2042 3817 2124 3865 vel
2148 3824 2321 3864 sector
2356 3815 2584 3879 denique
2606 3819 2689 3864 est

1621 3895 1826 3945 delator
1849 3896 1936 3960 qui
1957 3910 2051 3958 per
2071 3893 2150 3945 fas
2190 3901 2245 3943 et
2284 3892 2432 3943 nefas
2473 3901 2692 3943 accusat

1621 3971 1862 4036 aliquem,
1883 3979 1940 4021 ut
1967 3978 2169 4036 partem
2192 3971 2303 4035 ejus
2324 3970 2576 4020 bonorum
2598 3976 2689 4020 aut

1619 4051 1829 4099 mulctae
1853 4048 2072 4098 auferat.

1683 4128 1844 4178 Avida
1865 4126 1994 4190 voce]
2058 4125 2323 4176 Praeconis
2345 4124 2571 4187 scilicet,
2596 4125 2686 4188 qui

1618 4208 1746 4256 lucri
1769 4207 1947 4256 avidus
1970 4211 2202 4256 sectores
2224 4206 2372 4271 citat,
2388 4212 2446 4255 ut
2462 4206 2686 4267 solvant,

1615 4298 1729 4350 quae
1752 4283 1940 4334 licitati
1959 4288 2095 4334 sunt.
