2925 4928
970 404 1051 454 m
1100 406 1452 456 RUFINUM
1505 407 1651 458 mn.
1701 406 1776 456 1.·

251 547 553 628 Auxilia,
582 550 912 635 traditque
940 546 1101 616 suas
1127 553 1494 616 hostilibus
1523 553 1725 617 armis

250 650 610 736 Reliquias
637 676 654 719 :
699 654 932 717 mixtis
961 653 1310 719 deseendit
1339 655 1651 719 Sarmata
1680 654 1918 719 Dacis.

248 755 333 820 Et
358 759 474 840 qui
507 758 918 841 cornipedes
948 759 1010 820 in
1041 759 1292 840 poeula
1325 759 1632 823 vulnerat
1662 758 1892 822 audax

249 858 691 941 MassageteS,
717 881 1102 946 caesamque
1134 863 1371 925 bibens
1402 862 1685 926 Maeotin
1714 859 2004 938 AlanuS,

248 960 689 1046 Membraque
720 964 838 1046 qui
867 964 1035 1027 ferro
1067 965 1310 1046 gaudet
1337 965 1640 1047 pinxisse
1671 962 2007 1040 Gelonae,

247 1061 491 1128 Rufino
523 1065 814 1131 collecta
838 1087 1099 1132 manus,
1191 1067 1407 1131 Vetat
1434 1068 1547 1131 ille
1576 1068 1852 1144 domari,

2329 654 2466 719 310

242 1236 568 1297 crudelitatis
604 1265 704 1299 Μ
733 1251 846 1300 telis
875 1251 1111 1301 inimicis.-
1146 1254 1373 1303 Sarmata
1393 1253 1630 1302 descendit
1649 1267 1765 1302 cum
1796 1252 1952 1301 Dacis
1974 1251 2175 1313 junctis,
2197 1257 2244 1300 et
2268 1253 2455 1302 Messoa

239 1318 364 1372 getes
383 1316 649 1374 animosus,
680 1317 760 1378 qui
780 1318 964 1366 sauciat
1001 1320 1138 1380 equo&
1173 1334 1291 1368 suos
1325 1322 1387 1368 ad
1421 1319 1688 1379 bibendum,
1724 1322 1770 1366 et
1803 1319 1986 1367 Alanus
2018 1323 2189 1380 potans
2223 1317 2456 1367 Moeotida

231 1375 458 1441 fractam,
479 1395 538 1428 ac
565 1381 756 1447 Geloni,
778 1383 859 1445 qui
875 1386 1086 1444 gestiunt
1116 1382 1255 1444 ferro
1289 1390 1453 1434 notare
1473 1383 1655 1443 faciem
1675 1397 1817 1432 suam
1840 1400 1854 1445 ς
1887 1383 1967 1433 hae
1989 1387 2187 1432 catervas
2209 1391 2330 1432 sunt
2347 1398 2456 1432 con-

1173 1526 1529 1546 OOOOOOOOOOO

240 1621 433 1686 Bonan.
457 1620 640 1685 Ambr.
664 1637 768 1673 sec.
789 1624 979 1674 Moret.
1004 1639 1108 1675 sec.
1131 1625 1360 1675 Florent.
1384 1624 1488 1673 dno
1519 1626 1664 1674 Med.
1692 1627 1840 1676 Farn.
1864 1628 1992 1676 Exc.
2018 1626 2149 1675 Laet.
2172 1625 2256 1674 ed.
2278 1625 2453 1678 Vicet.

238 1691 487 1750 retemptat
508 1688 635 1738 Pat.
658 1689 761 1737 duo
786 1687 966 1738 Ambr.
991 1691 1130 1739 Med.
1158 1700 1278 1739 tert.
1301 1700 1408 1738 tres
1430 1690 1554 1740 Vat.
1580 1691 1723 1741 Prie.
1751 1691 1916 1741 Oisel.
1949 1691 2134 1740 Sched.
2159 1690 2298 1740 Gud.
2322 1692 2452 1741 Exc.'

236 1751 451 1802 Luceus.
476 1768 561 1816 pr.
580 1754 703 1802 Var.
724 1755 829 1802 LL.
848 1754 931 1802 ed.
952 1755 1108 1804 Antv.
1143 1761 1350 1818 receptat
1371 1756 1451 1803 vel
1469 1761 1722 1820 retemptat
1743 1757 1867 1806 Lov.
1886 1761 2092 1805 retentat
2112 1755 2255 1805 Med.
2279 1763 2453 1819 quart.

236 1817 331 1865 duo
346 1817 524 1866 Oxou.
549 1817 654 1868 duo
680 1818 830 1868 Leid.
858 1819 1038 1868 Heius.
1067 1822 1196 1883 Reg.
1216 1822 1411 1869 Tbuan.
1441 1821 1640 1870 Mazar.
1660 1821 1847 1870 Petav.
1870 1836 1951 1885 pr.
1975 1823 2104 1871 Exc.
2131 1820 2346 1870 Gevart.
2379 1836 2455 1869 re-

235 1887 383 1944 ceptat
409 1883 493 1931 vel
517 1888 728 1933 retentat
764 1884 884 1933 Vat.
925 1899 1002 1947 pr.
1029 1886 1220 1935 Moret.
1260 1901 1339 1948 pr.
1365 1885 1552 1935 Petav.
1586 1902 1667 1950 pr.
1692 1887 1939 1936 Heinsius
1962 1886 2027 1935 ad
2047 1884 2453 1935 confirmandam

236 1948 497 2011 vulgatam
514 1954 728 2012 receptat
751 1950 1062 2013 ascripserat
1086 1951 1253 1999 loeium
1278 1966 1342 1999 ex
1359 1951 1522 1999 Laud.
1539 1952 1716 2001 seren.
1731 1956 1812 2002 68.
1836 1954 1851 1979 ‘
1865 1952 2103 2015 Namque
2121 1951 2235 2000 aliae
2248 1958 2454 2014 gentes,

237 2027 355 2076 quas
372 2011 576 2062 foedere
598 2015 764 2063 Roma
780 2016 981 2079 recepit
998 2015 1031 2064 :’
1051 2018 1138 2063 sed
1160 2026 1381 2065 mutasse
1399 2017 1713 2066 sententiam
1735 2017 1964 2066 videtur:
1983 2031 2102 2065 nam
2121 2017 2454 2079 ascripserat,

235 2076 296 2126 V.
316 2077 486 2127 Codd.
515 2079 853 2144 Scythiamque
875 2085 1080 2129 retentat
1097 2098 1112 2129 .·
1145 2080 1209 2130 de
1233 2097 1333 2146 quo
1355 2083 1514 2130 verbo
1533 2081 1636 2131 vid.
1658 2082 1878 2131 Casaub.
1897 2083 1960 2131 ad
1981 2080 2118 2132 Hist.
2139 2080 2274 2145 Aug.
2293 2096 2349 2145 p.
2366 2085 2451 2130 43.

233 2141 302 2191 sie
326 2146 338 2169 ‘
367 2152 641 2193 retentare
676 2144 955 2205 exercitus’
980 2145 1120 2195 Hist.
1147 2144 1284 2207 Aug.
1305 2161 1358 2210 p.
1383 2150 1460 2196 82.
1502 2147 1535 2195 1.
1559 2151 1775 2198 4.-309
1829 2148 2067 2210 traditque
2112 2146 2254 2197 Prie.
2300 2147 2451 2196 Rott.

234 2207 357 2257 Exe.
383 2209 612 2259 LucenS.
647 2212 893 2274 traxitque
916 2210 1076 2261 Oisel.
1103 2212 1229 2260 Exc.
1248 2212 1399 2274 Laeti,
1421 2219 1476 2260 et
1499 2211 1618 2261 Pat.
1645 2228 1747 2261 rec.
1773 2227 1868 2276 pro
1894 2228 2000 2261 var.
2018 2213 2141 2261 lect.
2168 2213 2251 2262 ed.
2271 2210 2450 2263 Parm-

227 2279 285 2321 et
308 2273 663 2325 ‘vicen—310
695 2276 908 2326 accendit
944 2278 1137 2326 Thuan.
1193 2278 1376 2325 decedit
1413 2278 1495 2326 vel
1530 2278 1768 2327 descendit
1803 2278 1987 2327 Petav.
2014 2281 2256 2340 [ηπ-311
2291 2278 2451 2326 audax

231 2338 309 2386 vel
332 2344 479 2388 atrox
501 2341 647 2390 Rott.
693 2343 866 2403 proelia
886 2343 967 2390 vel
988 2344 1153 2405 pocula
1173 2342 1367 2390 Moret.
1393 2346 1636 2406 pra—312
1669 2357 1924 2406 caesamque
1942 2344 2072 2392 Exc.
2093 2343 2315 2391 LucenS.
2342 2356 2449 2390 sec.

223 2405 526 2469 patriamque
563 2405 665 2454 duo
689 2406 811 2455 Vat.
835 2405 1016 2456 Ambr.
1041 2415 1167 2456 tert.
1189 2408 1390 2456 Tholos.
1412 2409 1609 2456 Tliuan.
1634 2409 1763 2457 Exc.
1788 2408 1920 2457 Laeti
1942 2425 1954 2457 ε
1991 2407 2178 2471 reliqui
2214 2408 2450 2472 patrium-

229 2484 328 2531 que.
352 2501 358 2505 -
386 2470 511 2519 bibit
551 2472 780 2522 Florent.
824 2474 1025 2522 Moeotin
1067 2475 1168 2522 duo
1206 2475 1326 2521 Vat.
1368 2475 1511 2522 Med.
1546 2482 1714 2536 quart.
1741 2476 1869 2523 Exc.
1894 2474 2025 2523 Laeti
2051 2481 2106 2523 et
2127 2474 2348 2523 Lucens.
2366 2488 2447 2536 pr.

232 2533 400 2586 Oxou.
441 2537 591 2586 Leid.
661 2537 856 2586 Moeotis
895 2539 1119 2587 Orontem
1161 2538 1312 2587 Farn.
1353 2538 1497 2588 Prie.
1537 2539 1700 2587 Oisel.
1741 2554 1807 2589 m.
1850 2555 1929 2603 pr.
1973 2540 2168 2588 Moret.
2193 2552 2297 2587 see.
2325 2538 2448 2587 Pat.

230 2598 426 2650 Matar.
464 2602 549 2649 ed.
592 2601 763 2651 Parm.
807 2602 979 2652 Vicet.
1017 2611 1073 2652 et
1116 2605 1240 2651 Exe.
1268 2603 1396 2653 Cod.
1438 2604 1620 2653 Rliem.
1683 2604 1877 2652 Moeotin
1910 2606 2095 2653 Alanus
2127 2604 2210 2651 vel
2251 2604 2449 2652 Μωσῆς

228 2664 456 2715 ασκεω
480 2666 608 2715 Put.
664 2667 868 2715 Maeotin
898 2668 1082 2717 Alanus
1118 2668 1260 2716 Med.
1286 2682 1388 2718 sec.
1444 2669 1675 2717 Moeotina
1697 2669 1882 2718 Alam
1902 2669 2016 2718 Pal.
2042 2669 2176 2716 nnde
2201 2668 2445 2718 Heinsius

230 2729 352 2792 legit
373 2732 794 2781 Moeotida.—813
824 2734 1049 2795 pressisse
1088 2732 1230 2781 Med.
1273 2738 1394 2782 tert.
1435 2732 1573 2781 unde
1602 2735 1823 2795 puna-iace
1845 2733 2155 2797 conjiciebat
2179 2732 2445 2796 Heinsius,

230 2801 286 2842 ut
306 2803 360 2845 et
395 2812 530 2846 unus
565 2798 749 2847 Barth.
822 2798 1026 2847 Gelonos
1068 2799 1430 2847 Roma—314
1464 2800 1635 2846 collata
1672 2807 1781 2847 tres
1821 2800 1937 2848 Vat.
1981 2799 2092 2846 Pal.
2137 2797 2280 2848 Med.
2319 2805 2445 2848 tert.

226 2859 415 2910 -Thnan,
442 2862 636 2925 Isingr.
689 2879 796 2912 cum
817 2864 918 2912 lata
939 2878 1102 2927 marg.
1127 2864 1314 2925 Isingr.
1373 2865 1578 2912 contecta
1601 2866 1731 2913 Exe.
1758 2865 1918 2914 Laeti.-
1961 2864 2129 2912 collata
2153 2863 2231 2911 vel
2254 2864 2447 2912 collecta

232 2923 355 2990 Reg.
396 2927 589 2978 Petav.
630 2942 710 2992 pr.
736 2928 841 2978 duo
876 2928 1049 2980 Oxou.
1103 2930 1272 2977 collata
1306 2929 1528 2992 probare
1565 2929 1701 2977 visus
1736 2929 1998 2994 Heinsius,
2036 2927 2175 2995 qnod
2205 2926 2445 2979 firmabat

230 3153 485 3249 statumen
504 3153 1053 3254 banubinm,fluvium
1070 3166 1294 3258 Europae
1378 3194 1557 3257 populi
1593 3194 1821 3259 Scythiae
1857 3193 2122 3255 Asiaticae,
2145 3194 2279 3243 ultra
2300 3205 2440 3241 mare

230 3267 520 3316 maximum.
1380 3271 1627 3333 Caspium
1664 3289 1677 3321 ε
1736 3273 1784 3320 lli
1843 3271 2144 3334 sanguinem
2199 3269 2441 3334 equinum

288 3344 557 3407 Scythiam]
593 3345 907 3395 vastissima
945 3354 1027 3397 est
1066 3347 1178 3396 haee
1216 3363 1296 3397 re·

229 3419 325 3483 gio,
346 3423 538 3486 partim
577 3422 635 3471 in
669 3424 901 3488 Europa,
936 3424 1122 3488 partim
1147 3424 1198 3473 in
1221 3424 1292 3473 A·

230 3513 314 3546 sla.

285 3581 377 3626 ⁸10
416 3579 667 3643 Reliquias
698 3565 839 3644 suas]
885 3579 1150 3644 Reliquias
1184 3596 1291 3629 suae
1332 3611 1336 3615 ·
1380 3623 1384 3630 .

228 3654 566 3719 crudelitatis,
622 3657 718 3706 boc
762 3667 841 3707 est
884 3657 1162 3719 Romanos,
1205 3658 1292 3722 qui

228 3730 327 3795 ejus
342 3734 601 3784 -saevitiam
627 3742 918 3783 evaserant.

283 3797 541 3857 Descendit
600 3808 852 3873 Sarmata]
937 3811 1192 3859 Sarmatae
1238 3818 1293 3859 et

229 3883 353 3933 Daci
368 3895 484 3934 suut
501 3888 681 3950 populi
694 3888 1185 3950 Septemtrionales,
1203 3887 1289 3952 qui

228 3951 455 4025 regiones
492 3975 764 4013 montanas
799 3965 1055 4026 habitant,
1091 3972 1146 4013 et
1170 3966 1289 4014 ideo

228 4036 456 4086 dicuntur
494 4039 852 4089 descendere:
892 4040 1015 4104 quid
1055 4041 1192 4105 quod
1228 4057 1291 4089 ea

229 4128 332 4177 quae
371 4105 596 4180 {tergunt
638 4117 708 4165 ad
749 4119 1186 4181 septemtrionem
1215 4118 1290 4166 di·

230 4199 405 4241 cuntur
427 4194 656 4242 altiora?
1197 4258 1201 4264 ‚

225 4263 231 4270 ’
283 4271 375 4319 312
409 4261 735 4334 Massagetes]
795 4271 1109 4335 Massagetae
1165 4276 1287 4336 sunt

1377 3347 1515 3396 lacte
1540 3349 1756 3397 mixtum
1782 3347 1959 3396 bibere
1982 3348 2166 3396 solent.
2185 3380 2199 3390 -

1443 3425 1669 3487 Maeotin]
1715 3424 1985 3485 Paludem,
2023 3438 2137 3488 quae
2178 3428 2259 3471 est
2286 3433 2441 3485 supra

1376 3500 1606 3550 Pontum
1630 3503 1928 3564 Euxinum.»

1438 3577 1644 3640 Alanus]
1688 3577 1841 3627 Alani
1880 3585 2002 3626 sunt
2041 3575 2217 3639 populi
2246 3574 2441 3638 accola

1377 3655 1582 3717 paludis
1626 3655 1909 3715 Maeotidis,
1952 3653 2038 3718 qui
2088 3667 2247 3716 aquas
2287 3651 2440 3715 hujus

1375 3732 1578 3794 paludis
1647 3732 1813 3793 glacie
1883 3736 2155 3779 concretas
2209 3726 2439 3788 caedunt,

1374 3806 1742 3870 franguntque,
1765 3804 2060 3869 fractasque
2084 3803 2286 3852 bibunt.

1438 3887 1534 3932 313
1572 3885 1799 3946 Gelonus]
1849 3882 2038 3931 Geloni
2076 3880 2303 3944 Scythiae
2348 3893 2439 3942 po·

1373 3964 1497 4025 puli,
1528 3965 1614 4028 qui
1651 3963 1837 4012 faciem
1875 3961 2180 4025 pingebant,
2211 3966 2268 4008 et
2299 3957 2437 4007 notis

1370 4055 1460 4088 seu
1502 4040 1761 4107 stigmatis
1801 4038 1939 4088 ferro
1979 4038 2159 4086 inustis
2181 4033 2437 4086 deforma·

1370 4118 1511 4180 bant,
1535 4126 1595 4167 ut
1615 4118 1952 4186 terribiliores
1990 4116 2043 4165 in
2079 4114 2260 4179 praelio
2294 4110 2438 4173 video,

1370 4199 1569 4245 rentur.
