2925 4928
468 563 594 643 En,
624 563 733 629 cui
762 561 1144 629 distulimus
1168 559 1469 627 melioris
1497 557 2014 637 saeclametalli,

376 665 631 732 Consul
659 666 870 732 adest.
959 664 1062 730 Ite
1091 666 1301 748 optati
1328 662 1725 734 mortalibus
1757 661 1937 727 anni.

384 769 632 837 Ducite
662 770 980 835 virtutes:
1026 768 1361 834 hominum
1390 766 1726 832 florescite
1756 785 1986 830 rursus

383 871 677 956 Ingeniis
704 872 973 951 hilares,
1004 869 1277 936 Baccho
1302 869 1696 953 frugumque
1723 868 2000 933 feraces,
2042 915 2048 920 -

384 975 547 1041 Non
575 976 738 1041 inter
765 976 1064 1057 geminos
1090 975 1325 1058 anguis
1357 973 1640 1056 glaciale
1670 973 1949 1039 Triones
1987 1043 1994 1046 ,

384 1078 650 1156 sibilet,
681 1078 1047 1143 immodico
1071 1099 1197 1144 nee
1225 1077 1467 1159 frigore
1497 1078 1737 1142 saeviat
1767 1075 1969 1145 Ursa.

383 1179 547 1246 Non
578 1187 771 1246 torvo
803 1181 1039 1245 fremat
1066 1182 1216 1265 igne
1245 1181 1408 1260 Leo,
1440 1201 1569 1246 nec
1598 1180 1878 1246 brachia
1907 1178 2153 1244 Cancri

384 1278 557 1348 Urat
585 1290 782 1349 atrox
812 1290 1038 1362 aestaS,
1065 1283 1357 1349 madidae
1387 1301 1510 1348 nee
1540 1284 1864 1368 prodigus
1893 1302 2080 1349 urnae

386 1384 662 1449 Semina
690 1394 1023 1470 praerupto
1053 1385 1383 1451 dissolvat
1408 1384 1755 1470 Aquarius
1782 1387 2015 1452 imbre.

1048 415 1166 467 OL.
1213 412 1648 465 emmunim
1696 410 1904 471 xxn.

384 1576 482 1612 uus
503 1561 761 1625 alloquitur
795 1562 906 1611 illos
927 1568 1195 1626 sequentes.-
1234 1563 1355 1612 Ecce
1389 1566 1525 1613 adest
1550 1564 1730 1614 Consul
1758 1562 1992 1624 Stilicho,
2031 1575 2126 1627 pro
2149 1576 2237 1625 quo
2259 1560 2601 1611 reservavimus

376 1631 577 1676 «etatem
599 1627 784 1675 manlii
799 1628 1113 1690 pretiosioris.
1181 1629 1378 1677 Currite
1394 1630 1510 1678 mi
1525 1629 1727 1693 expetiti
1743 1628 1807 1677 ab
1824 1627 2107 1689 homiuibus,
2122 1628 2365 1676 conducite
2378 1626 2600 1687 virtutes,

373 1693 551 1756 florete
572 1692 746 1741 iterum
767 1693 976 1754 ingeniis
993 1695 1221 1756 virorum,
1243 1693 1458 1756 [παπαὶ
1494 1696 1624 1755 vino,
1655 1700 1701 1743 et
1725 1695 1922 1755 fertiles
1940 1693 2192 1755 segetibus.
2259 1694 2370 1740 Nou
2392 1691 2600 1755 Serpens

383 1758 515 1806 iuter
540 1757 739 1806 Triones
757 1760 871 1807 duos
891 1757 1013 1807 edat
1035 1759 1222 1807 sibilum
1238 1760 1466 1821 gelidum,
1497 1774 1642 1823 neque
1670 1759 1796 1807 Ursa
1820 1758 2066 1807 bacchetur
2084 1757 2279 1820 frigore
2300 1756 2447 1805 nimio
2460 1772 2477 1804 .·
2507 1770 2602 1804 uon

386 1821 484 1870 Leo
505 1823 669 1883 rugiat
694 1822 1008 1886 eumfloemma
1030 1838 1121 1872 sua
1142 1825 1323 1887 iniqua,
1354 1840 1501 1889 neque
1532 1830 1673 1873 oestas
1708 1824 1874 1872 acerba
1906 1822 2167 1886 iustam&
2192 1821 2383 1880 brechia
2408 1821 2605 1897 Caneri,

387 1901 537 1949 neque
556 1887 802 1951 Aquarius
832 1887 1123 1953 profundens
1159 1904 1327 1939 urnam
1349 1890 1612 1952 humidam,
1645 1894 1916 1953 corrumpat
1942 1889 2118 1951 fruges
2147 1883 2323 1951 pluviis
2343 1888 2603 1935 inmmm.

1308 2001 1669 2023 OOOOOOOOOOO

1232 2083 1365 2132 quen
1387 2068 1561 2118 Oxen.
1587 2083 1666 2132 pr.
1689 2070 1813 2120 Vat.
1834 2074 1956 2119 tert.
1980 2068 2141 2120 Oisel.
2164 2068 2360 2117 Μαῖαν.
2379 2082 2445 2116 us
2466 2080 2607 2129 quen

389 2129 533 2195 Reg.
565 2133 635 2181 Et
656 2133 736 2182 eui
760 2134 906 2183 Med.
930 2141 1056 2185 tert.
1103 2134 1197 2184 Dii
1219 2135 1296 2184 cui
1329 2135 1432 2183 inc.
1458 2134 1645 2184 Heius.
1669 2134 1860 2184 Petav.
1901 2141 2024 2184 tert.
2044 2134 2133 2199 qui
2155 2140 2213 2183 et
2236 2133 2370 2182 hunc
2397 2146 2612 2181 versum

389 2198 628 2261 sequenti
652 2200 939 2261 postponit.
987 2201 1069 2249 Eu
1090 2201 1167 2249 eui
1190 2200 1271 2249 vel
1310 2199 1370 2249 Iu
1391 2215 1528 2262 quem
1567 2200 1716 2251 Leid.
1737 2215 1816 2264 pr.
1840 2201 1963 2250 Vat.
1986 2215 2066 2264 pr.
2091 2200 2491 2249 Floreat—455
2521 2210 2608 2245 sss

385 2263 541 2323 optati
566 2260 748 2313 Ambr.
787 2270 912 2313 tert.
947 2265 1217 2313 melioribus
1239 2265 1322 2313 vel
1346 2265 1622 2313 mortalibus
1654 2266 1886 2314 Floreut.
1913 2280 2003 2328 per
2021 2279 2141 2313 saxa
2162 2263 2344 2314 metalli
2366 2277 2463 2327 pro
2483 2276 2608 2310 mor-

384 2327 562 2374 talibus
593 2328 709 2376 anni
747 2327 831 2376 ed.
854 2329 1030 2378 Vicet.
1060 2344 1147 2392 per
1166 2331 1304 2379 soecla
1324 2331 1508 2380 metalli
1547 2330 1700 2380 Fam.
1733 2330 1936 2379 macilis
1959 2331 2130 2381 Oxou.
2156 2344 2234 2394 pr.
2265 2329 2405 2377 soeclo
2423 2326 2609 2376 metalli

388 2392 471 2439 vel
494 2392 769 2440 mortalibus
791 2394 908 2442 anni
942 2394 1234 2444 Low—456
1282 2394 1476 2444 Discite
1515 2396 1618 2445 inc.
1654 2395 1835 2445 Heius.
1871 2394 2056 2444 Ambr.
2096 2408 2203 2444 sec.
2244 2392 2392 2443 Med.
2429 2397 2603 2454 quart.

390 2456 569 2522 Ducite
589 2458 809 2508 virtutes.
850 2474 968 2508 cum
1006 2458 1170 2525 τελείᾳ
1198 2461 1396 2526 στιγμῇ,
1424 2459 1585 2513 Leid.
1611 2475 1689 2525 pr.
1727 2460 1830 2510 duo
1871 2461 2060 2511 Petav.
2109 2459 2298 2509 Discite
2323 2459 2405 2507 vel
2429 2457 2608 2509 Ducite

391 2522 513 2571 Vat.
535 2537 639 2572 sec.
673 2523 923 2574 honiinum.
958 2525 1032 2575 sic
1054 2525 1433 2590 interpungunt
1453 2526 1597 2575 Rott.
1621 2532 1677 2576 et
1692 2527 1816 2576 Vat.
1838 2532 1962 2577 tert.
1983 2525 2238 2590 florescere
2259 2523 2408 2574 Med.
2431 2529 2605 2588 quart.

389 2591 550 2637 —457
589 2588 843 2651 Progeuiis
878 2590 1029 2639 Farn.
1064 2591 1250 2641 Bacchi
1269 2590 1449 2640 Ambr.
1471 2605 1578 2641 sec.
1611 2605 1680 2642 m.
1704 2606 1811 2642 sec.
1833 2591 2088 2655 frugisqus
2111 2591 2397 2640 Pata-458
2430 2602 2610 2651 angues

390 2651 518 2701 Var.
543 2652 645 2703 LL.
669 2654 756 2703 ed.
789 2653 1116 2705 Antv.-—459
1165 2658 1216 2707 iu
1237 2658 1392 2706 medio
1415 2671 1512 2720 pro
1533 2656 1779 2706 ivmnodico
1816 2656 2000 2706 Ambr.
2042 2670 2148 2706 sec.
2188 2656 2290 2705 inc.
2315 2654 2499 2703 Heius.
2525 2653 2610 2702 ed.

386 2716 567 2768 vicet.
599 2734 693 2767 non
703 2718 898 2781 frigore
918 2721 1044 2771 Lov.
1065 2721 1240 2772 Oxou.
1264 2737 1347 2786 pr.
1390 2722 1556 2771 saeviet
1593 2722 1784 2773 Moret.
1807 2726 2054 2786 pre—460
2089 2722 2192 2771 Nec
2210 2725 2309 2769 toto
2320 2719 2506 2780 fremat
2526 2733 2607 2768 ore

389 2782 563 2833 Oxou.
586 2798 664 2847 pr.
698 2785 812 2834 Non
833 2790 937 2835 toto
956 2786 1102 2837 Leid.
1129 2803 1208 2852 pr.
1256 2789 1361 2837 Nec
1386 2793 1509 2837 octo
1549 2787 1655 2837 alii.
1689 2792 1815 2837 torto
1838 2788 1969 2837 Exc.
1997 2788 2222 2836 Lucens.
2247 2800 2325 2849 pr.
2359 2789 2458 2832 toto
2480 2784 2604 2833 Vat-

389 2853 513 2898 tert.
540 2848 704 2899 Oisel.
728 2856 836 2899 vet.
862 2851 995 2916 Gyr.
1035 2853 1235 2902 Μαῖαν.
1269 2857 1369 2901 toto
1395 2854 1478 2902 vel
1498 2858 1630 2901 torvo
1649 2853 1771 2902 Vat.
1793 2867 1873 2917 pr.
1894 2852 2077 2913 fremet
2097 2864 2178 2899 ore
2217 2851 2340 2899 Pat.
2374 2863 2454 2899 ore
2475 2850 2609 2914 Reg.

389 2927 482 2962 non
502 2914 694 2963 brachia
715 2916 837 2966 Vnt.
862 2931 966 2966 sec.
990 2917 1131 2967 Med.
1165 2921 1501 2983 quam—461
1551 2922 1696 2967 oestus
1730 2917 1835 2967 inc.
1876 2917 2061 2966 Heius.
2096 2914 2280 2966 Ambr-
2316 2929 2420 2964 sec.
2458 2913 2605 2963 Med.

391 2985 566 3042 quart.
615 2980 832 3030 madidus
852 2981 967 3032 Pal.
1002 2983 1321 3033 Γαῖα-462
1369 2982 1560 3032 Semine
1582 2983 1729 3033 Voss.
1766 2998 1834 3034 m.
1872 2985 2117 3047 pre-463
2157 2981 2381 3046 producit
2403 2979 2607 3030 Mazar.

1387 3086 1606 3157 NorAE

390 2033 567 2118 Parui.
598 2068 729 2128 regit
751 2067 1115 2119 Maean-454
1150 2069 1212 2118 Iu

454 3203 552 3249 458
583 3199 796 3267 Anguis]
816 3203 913 3252 Est
928 3203 1129 3267 signum
1151 3203 1460 3269 septemtri-

390 3278 560 3340 onale,
580 3286 881 3343 porrectum
902 3281 1043 3331 inter
1065 3281 1195 3332 duos
1215 3281 1459 3346 Triones,

391 3367 484 3403 seu
505 3353 631 3405 duas
652 3355 832 3419 Ursas,
850 3358 1093 3422 majorem
1115 3364 1172 3408 et
1195 3359 1458 3411 minorem.

390 3426 670 3499 Virgilius:
703 3435 719 3463 ‘
745 3435 1008 3486 Maximus
1028 3436 1114 3487 hie
1133 3435 1272 3487 flexu
1290 3436 1460 3487 sinuo-

392 3514 449 3559 s‘o
494 3510 721 3560 elabitur
764 3511 948 3576 anguis
994 3512 1222 3577 Circum,
1261 3528 1459 3580 perque

390 3585 520 3636 duas
543 3586 598 3636 in
617 3601 818 3638 morem
838 3586 1061 3638 fluminis
1086 3587 1314 3641 Arctos.'
1357 3589 1459 3640 Alii

392 3664 573 3714 dicunt
627 3664 765 3715 hunc
827 3680 1049 3729 anguem
1104 3667 1460 3731 Hesperidum

392 3740 531 3790 mala
550 3739 930 3791 custodientem
954 3742 1019 3791 ab
1044 3741 1279 3792 Hercule
1300 3741 1460 3794 fuisse

392 3818 640 3883 occisum,
673 3823 729 3868 et
750 3833 780 3867 a
800 3818 1009 3869 Junone
1032 3818 1171 3868 inter
1195 3826 1337 3870 astra
1358 3823 1465 3872 col·

394 3896 659 3947 locatum:
748 3896 838 3946 alii
894 3897 950 3947 in
1029 3895 1462 3960 Gigantomachia

394 3989 511 4029 eum
531 3973 691 4026 fuisse
710 3976 969 4027 Miner-vm
992 3975 1278 4041 objectum,
1319 3983 1373 4029 et
1395 3978 1461 4028 ab

394 4067 459 4101 ea
482 4059 779 4104 contortum
814 4054 881 4103 ad
921 4053 1094 4105 sidera
1131 4055 1365 4120 coeloque
1386 4055 1464 4104 in-

393 4127 574 4179 fixum.

459 4206 658 4256 Triones
682 4240 695 4255 .
720 4240 734 4255 .
755 4242 769 4257 .
799 4206 948 4271 Ursa]
992 4207 1081 4260 De
1118 4206 1196 4260 his
1227 4223 1387 4277 supra
1406 4210 1461 4261 in

397 4295 483 4333 m.
517 4283 672 4334 Cous.
695 4284 837 4335 Hon.
860 4299 933 4336 vs.
954 4289 1066 4338 1⁷⁰.

460 4363 560 4411 460
590 4359 713 4426 Leo]
747 4361 922 4413 Unum
953 4377 1022 4415 ex
1054 4363 1330 4416 duodecim
1364 4365 1466 4418 Zo-

1541 3204 1676 3255 diaci
1697 3202 1875 3270 signis,
1889 3209 1973 3254 est
1988 3216 2179 3267 nempe
2193 3203 2300 3253 Leo
2316 3201 2608 3264 Nemeaeus,

1542 3296 1637 3331 seu
1681 3282 1975 3344 Cleonaeus,
2033 3283 2205 3330 victus
2247 3278 2313 3327 ab
2358 3277 2606 3328 Hercule.

1542 3360 1664 3422 Igne
1689 3359 1895 3422 fremat,
1938 3357 2078 3423 quod
2108 3362 2218 3407 tum
2240 3356 2385 3404 calor
2408 3355 2481 3404 sit
2504 3352 2607 3402 vio-

1540 3436 1767 3487 lentior:
1805 3441 1937 3485 torvo
1961 3440 2154 3497 autem,
2189 3447 2291 3483 uon
2314 3432 2456 3497 quod
2479 3430 2609 3496 ignis

1542 3520 1717 3564 torvus
1742 3513 1828 3575 sit,
1850 3511 1941 3562 sed
1965 3512 2088 3577 quia
2111 3512 2220 3561 Leo
2242 3512 2358 3573 ipse
2378 3514 2576 3559 torvus.

1609 3591 1807 3654 Cancri]
1841 3590 1944 3640 Hic
1962 3595 2065 3651 est,
2078 3602 2144 3639 ex
2161 3586 2402 3652 Virgilio,
2423 3586 2439 3614 ‘
2461 3586 2608 3636 Pres-

1543 3682 1628 3717 sus
1652 3667 1715 3716 ab
1739 3665 1973 3715 Hercule
1996 3661 2237 3724 Cancer,'
2275 3662 2402 3711 dum
2424 3667 2607 3711 contra

1541 3744 1778 3809 Hydram
1804 3748 2077 3807 pugnaret.
2144 3740 2274 3788 Tum
2303 3739 2392 3787 Sol
2414 3753 2445 3787 a
2466 3736 2610 3788 nobis

1541 3820 1706 3870 instar
1725 3818 1913 3870 Caneri
1933 3814 2225 3882 retrogradi
2245 3814 2485 3879 fingitur.

1606 3900 1703 3946 462
1749 3894 2016 3960 Aquarius]
2074 3894 2403 3957 Ganymedes
2444 3891 2609 3961 Phry-

1544 3976 1658 4041 gius
1682 3981 1862 4040 raptus
1896 3974 1963 4024 ab
1998 3973 2187 4038 aquila,
2219 3972 2368 4023 Jovis
2405 3969 2608 4023 futurus

1543 4054 1815 4119 pincerna,
1863 4052 2089 4115 Diisque
2140 4050 2356 4099 daturus
2413 4055 2609 4109 nectar,

1543 4145 1728 4196 aquam
1766 4128 2076 4179 hominibus.
2139 4124 2401 4176 Praesidet
2421 4125 2606 4192 partim

1540 4206 1826 4259 Decembri
1862 4211 1921 4256 et
1940 4204 2128 4268 partim
2153 4203 2407 4254 Januario
2430 4201 2607 4255 mensi·

1542 4284 1660 4354 bus,
1679 4283 1858 4352 pluvia
1878 4281 2117 4335 infestari
2138 4279 2321 4333 solitis.
