2925 4928
487 404 621 477 md

487 583 821 663 Tendere,
850 601 1027 647 nune
1057 575 1329 665 glandes
1355 581 1625 647 Baleari
1654 598 1963 665 spargere
1990 579 2220 644 funda.

490 685 779 770 Quoque
804 683 1018 768 magis
1045 684 1326 748 nimium
1355 704 1596 767 pugnae
1625 684 2072 750 inflammant
2093 702 2408 767 amorem,

1148 376 1151 379 Ι
1220 420 1338 470 m..
1386 414 1816 470 mammam
1866 418 2001 470 vn.

2445 568 2687 644 ··⁵o

490 787 704 854 Facta
729 788 826 854 tui
847 788 1235 853 numerabat
1262 787 1397 865 avi,
1430 806 1625 871 quem
1654 786 1845 851 littus
1875 786 2150 852 adustae

492 888 850 956 Horrescit
880 889 1140 973 Libyae,
1170 889 1557 973 ratibusque
1585 890 1913 974 impervia
1941 888 2177 954 Thule.

401 1042 411 1047 -
490 992 615 1058 Ille
642 994 825 1059 leves
857 991 1155 1072 MauroS,
1183 1010 1306 1056 nec
1334 990 1507 1056 falso
1535 984 1799 1056 nomine
1830 991 2063 1056 Pictos

376 1117 393 1134 ·
488 1091 828 1173 Edomuit‚
858 1093 1266 1175 Scotumque
1292 1111 1466 1174 vago
1495 1111 1809 1158 mucrone
1840 1096 2135 1170 secutnS,

491 1192 718 1279 Fregit
748 1195 1225 1280 Hyperboreas
1254 1196 1457 1260 remis
1486 1195 1851 1260 audaeibus
1881 1193 2092 1259 undas
2120 1214 2139 1260 τ

486 1295 577 1362 Et
608 1297 880 1381 geminis
910 1297 1166 1381 fulgens
1194 1302 1473 1380 utroque
1505 1298 1632 1362 sub
1662 1315 1791 1371 axe
1818 1296 2094 1401 tlfffiPaeiS

491 1525 632 1573 quere
665 1526 778 1561 areu
815 1513 926 1576 tela,
957 1514 1091 1561 modo
1121 1512 1307 1562 vibrare
1342 1513 1543 1574 glandes
1560 1504 1972 1572 funda²³Boleari.
2037 1511 2109 1562 Et
2128 1514 2182 1559 ut
2202 1506 2521 1559 Theodosius
2542 1506 2696 1571 pater

489 1576 758 1626 incenderet
776 1578 829 1626 in
857 1585 910 1627 te
939 1578 1177 1641 ingentem
1200 1579 1413 1627 ardorem
1447 1579 1740 1642 proeliorum,
1781 1576 2064 1627 memorabat
2086 1575 2313 1636 facinora
2332 1575 2412 1623 nvi
2448 1573 2540 1633 tui,
2560 1587 2696 1636 quen·

490 1655 574 1689 ora
614 1640 780 1705 Libyae
812 1642 1025 1691 ardentis
1069 1643 1357 1706 expavescit,
1387 1648 1436 1691 et
1479 1643 1724 1693 [celandioe
1764 1642 2000 1692 inaccessa
2036 1640 2246 1690 navibus.
2313 1639 2404 1688 Ille
2438 1652 2565 1686 avus
2619 1638 2703 1685 de-

490 1705 607 1754 vicit
641 1707 839 1755 Mauros
858 1709 1040 1769 celeres,
1080 1713 1129 1756 et
1173 1709 1338 1756 Pictos
1358 1707 1470 1756 bene
1510 1708 1789 1767 nominatos,
1823 1724 1880 1757 ae
1909 1711 2183 1771 persecutus
2224 1703 2418 1755 Scotum
2438 1703 2580 1761 seno
2619 1716 2698 1764 po·

489 1771 701 1834 putante,
732 1772 862 1835 rupit
893 1787 1038 1836 aquas
1072 1772 1488 1837 Septemtrionoles
1519 1773 1705 1835 ratibus
1738 1773 2000 1837 generosis,
2013 1788 2070 1822 ac
2105 1771 2284 1820 micans
2317 1767 2495 1818 duobus
2529 1766 2700 1819 trium·

1413 1930 1560 1952 ‘0000
1568 1933 1784 1953 mOOOO'

491 2031 609 2082 Pal.
637 2030 783 2080 Prie.
824 2029 987 2082 Oisel.
1016 2032 1142 2082 Jnn.
1184 2046 1265 2095 pr.
1301 2031 1403 2082 duo
1428 2032 1603 2083 Oxon.
1646 2035 1701 2083 in
1722 2035 1854 2084 Exc..
1895 2034 2109 2084 Gevart.
2135 2038 2248 2082 erat
2261 2032 2311 2093 f.
2352 2034 2537 2094 potare,
2561 2027 2698 2093 quod

491 2095 689 2147 Mazar.
713 2094 940 2146 exhibet.
962 2112 1083 2144 nune
1104 2096 1285 2160 spicula
1305 2098 1508 2147 Bonon.
1530 2100 1734 2148 TholoS.
1754 2100 1874 2149 Pat.
1900 2107 2006 2150 tres
2029 2097 2344 2148 Ambr.-·50
2367 2097 2559 2146 tendere
2582 2109 2701 2144 nune

488 2160 676 2222 gladios
698 2160 828 2210 Lov.
847 2175 913 2210 m.
939 2175 1017 2224 pr.
1038 2162 1266 2210 Baleares
1288 2162 1479 2212 Petav.
1506 2168 1760 2213 tert.—-51
1799 2165 1994 2228 Quoque
2013 2164 2173 2226 uagis
2189 2164 2321 2214 Exc.
2346 2162 2572 2210 Lucens.
2596 2174 2700 2212 sec.

495 2226 721 2288 Quodque
741 2225 869 2275 Put.
889 2226 1091 2276 Mazar.
1139 2225 1224 2276 ed.
1247 2227 1422 2277 Vicet.
1455 2228 1657 2278 nimium
1684 2244 1888 2277 amorem
1913 2230 2055 2277 Rott.
2088 2242 2267 2279 mores
2302 2228 2440 2280 Var.
2459 2226 2572 2274 LL.
2617 2223 2700 2275 ed.

490 2288 654 2339 Antv.
697 2290 840 2339 nimio
874 2306 1033 2340 amore
1069 2291 1368 2354 corrigebat
1410 2293 1806 2343 Heinsius—52
1838 2294 2100 2343 numerabit
2121 2294 2244 2343 vat.
2288 2307 2369 2355 pr.
2413 2290 2698 2338 ”temerabat

489 2353 616 2405 Put.
639 2355 844 2405 Tholos.
868 2356 1121 2405 Pan—53
1160 2357 1307 2420 Thyle
1328 2358 1560 2408 Floreat.
1590 2359 1711 2423 Tyle.
1726 2359 1921 2407 Thuan.
1946 2359 2049 2408 Tile
2073 2359 2194 2408 Pnt.
2232 2358 2365 2407 Thile
2384 2369 2584 2405 (novem
2613 2354 2700 2403 alii

488 2426 548 2470 et
582 2419 710 2470 Var.
741 2420 849 2470 LL.
891 2434 920 2470 e
958 2426 1124 2484 marg.
1164 2423 1339 2472 Parm.
1410 2423 1542 2473 Thik
1596 2424 1679 2473 vel
1740 2424 1843 2474 Tae
1888 2424 2012 2474 Vat.
2074 2425 2286 2489 [κη-54
2334 2424 2455 2471 leves
2496 2421 2701 2474 Mauros

485 2485 614 2535 Var.
655 2485 761 2534 LL.
804 2499 833 2535 e
866 2500 1028 2550 marg.
1066 2487 1244 2538 Parm.
1282 2488 1399 2537 levis
1435 2489 1631 2539 Mavors
1673 2490 1846 2539 Vicet.
1887 2496 1940 2538 et
1980 2490 2283 2539 Parm.—55
2321 2487 2528 2536 Edoeuit
2576 2486 2697 2535 Put.

489 2549 769 2600 Perdomuit
789 2549 972 2600 Ambr.
997 2567 1077 2615 pr.
1103 2551 1233 2603 Exc.
1257 2554 1408 2602 Voss,
1443 2554 1725 2618 Scotumque
1744 2570 1914 2618 vagum
1936 2555 2066 2619 Reg.
2087 2571 2208 2617 vago
2230 2556 2352 2605 Jnn.
2374 2552 2499 2614 duo,
2522 2551 2698 2601 Oxon.

488 2628 595 2671 sec.
620 2630 740 2677 vago
759 2617 845 2665 vel
875 2632 1046 2679 vagum
1081 2616 1253 2667 Oxou.
1281 2632 1361 2681 pr.
1380 2635 1553 2680 vagum
1576 2635 1738 2683 marg.
1779 2620 2099 2683 Isingr.-57
2125 2621 2174 2670 E
2206 2618 2409 2681 geminis
2432 2617 2556 2666 Vat.
2577 2620 2701 2674 tert,
2767 2625 2772 2632 ·

488 2678 564 2746 Ac
579 2680 788 2743 geminis
810 2682 1005 2732 Moret.
1031 2697 1110 2747 pr.
1142 2683 1212 2732 At
1226 2683 1431 2745 geminis
1458 2685 1576 2733 Vat.
1597 2686 1761 2750 quint.
1776 2685 1993 2748 fungens
2013 2686 2093 2734 vel
2107 2683 2306 2747 fulgens
2327 2682 2500 2732 Oxou.
2529 2695 2702 2750 sem-ft-

1483 2849 1695 2901 NOTAE

557 2993 629 3039 50
658 2991 856 3040 Baleari
877 2991 1060 3054 funda]
1093 2992 1202 3040 Tali
1226 2991 1406 3058 funda,
1428 3010 1551 3058 qua·

488 3065 553 3115 lis
595 3066 667 3115 sit
705 3081 881 3115 eornm
918 3067 1006 3132 qui
1037 3067 1275 3117 habitant
1308 3070 1552 3132 Baleares

488 3144 684 3208 insulas
707 3157 736 3192 e
759 3145 970 3208 regione
996 3146 1264 3210 Hispaniae
1288 3147 1509 3196 Baeticae
1535 3164 1548 3196 ι

491 3234 708 3285 quarum
751 3221 1029 3271 insularum
1063 3222 1244 3272 incolae
1288 3239 1319 3273 a
1360 3226 1552 3274 teneris

488 3296 570 3346 ita
612 3295 957 3347 assuefaciunt
998 3298 1188 3349 liberos
1249 3301 1553 3365 torquendis

487 3373 630 3436 telis,
651 3379 710 3423 ut
734 3389 919 3438 panem
953 3374 1179 3428 habeant
1215 3376 1431 3437 nullum,
1455 3377 1554 3425 nisi

488 3463 642 3516 quem
666 3449 827 3501 funda
844 3452 1165 3515 deJecerin't3
1201 3460 1255 3502 et
1278 3453 1399 3501 inde
1420 3451 1552 3504 fiunt

473 3526 747 3591 jaculandi
786 3528 1100 3593 peritissimi.
1165 3530 1428 3579 Dicuntur
1451 3532 1551 3581 Ba-

488 3602 661 3654 leares
683 3603 776 3653 ἀπὸ
795 3606 882 3654 τοῦ
901 3603 1120 3665 βάλλειν,
1143 3623 1173 3655 α
1191 3608 1464 3667 J'aculamlo.

551 3685 613 3730 51
650 3682 889 3745 Nimium]
940 3684 1233 3747 Ingentem,
1280 3685 1549 3748 insignem,

489 3758 739 3822 annisque
760 3761 1005 3823 majorem
1034 3762 1319 3810 audaciam.

500 3859 503 3862 ¹
528 3841 618 3886 ‚52
650 3837 770 3900 Avi]
803 3839 1076 3888 Theodosii
1098 3841 1252 3889 etiam
1272 3841 1462 3891 vocati.

550 3916 615 3961 53
649 3912 836 3977 Libyoe]
884 3914 1047 3976 Libya
1066 3923 1147 3965 est
1167 3916 1309 3978 regio
1333 3915 1553 3978 Africae,

421 4031 432 4044 ,,
486 3986 775 4053 siticulosa,
828 3991 1033 4051 ardens,
1077 4000 1333 4055 perpetuo
1377 3994 1553 4043 calore

485 4064 689 4118 adusta.
1374 4125 1379 4126 γ

490 4180 503 4188 .
557 4144 728 4208 flatile]
759 4146 933 4197 Hodie
969 4148 1178 4211 Iceland,
1197 4149 1263 4197 ad
1283 4164 1432 4214 quam
1470 4165 1553 4199 us·

487 4236 590 4288 que
630 4223 781 4273 victis
816 4223 986 4275 Scotis
1025 4226 1325 4290 pervenisse
1356 4226 1552 4277 dicitur

481 4297 803 4349 Theodosius
826 4314 967 4350 avus.

1695 3001 1760 3045 54
1794 2997 1944 3046 Lenes
1979 2994 2201 3058 Mauros]
2235 2993 2409 3043 Mauri
2432 2997 2488 3042 et
2519 2988 2700 3041 Numi-

1634 3070 1717 3121 dae
1763 3073 1942 3136 populi
1983 3071 2202 3134 Africae,
2242 3070 2440 3121 celeres
2478 3068 2535 3117 in
2575 3081 2699 3134 pug-

1632 3148 1821 3210 nando,
1846 3147 2076 3213 fugaces,
2099 3155 2155 3197 et
2186 3146 2471 3196 instabiles.

1697 3225 1884 3288 Pictos]
1938 3226 2167 3289 Populos
2224 3220 2704 3287 septemtrionales,

1634 3302 1721 3366 qui
1744 3303 1866 3350 olim
1890 3302 2213 3350 Britanniam
2241 3301 2458 3350 insulam
2483 3298 2701 3359 subege-

1632 3384 1781 3427 runt:
1817 3385 1869 3426 et
1897 3377 1978 3443 qui
1999 3377 2063 3426 ad
2090 3385 2361 3438 terrorem,
2376 3374 2567 3424 faciem
2590 3374 2700 3438 pin·

1635 3455 1844 3518 gebant,
1868 3461 1959 3504 aut
1982 3455 2135 3504 variis
2165 3452 2496 3504 animantium
2520 3448 2700 3515 figuris

1633 3530 2016 3581 deformabant.

1695 3615 1756 3657 55
1802 3609 1933 3671 Vogo
1965 3608 2201 3671 muoroue]
2245 3604 2438 3657 Gladio
2484 3602 2700 3668 popula-

1633 3693 1764 3748 tore,
1785 3700 1887 3748 quo
1912 3699 2032 3733 usus
2063 3682 2397 3745 Theodosius,
2436 3693 2699 3745 quaecum·

1632 3777 1732 3825 que
1754 3763 1870 3811 loca
1891 3769 2209 3824 pererraret,
2239 3774 2302 3808 ea
2322 3757 2493 3819 omnia
2528 3761 2699 3828 vasta-

1633 3840 1743 3901 bat,
1764 3838 2129 3903 populabatur.
2490 3857 2498 3861 >

1635 3967 1640 3970 .
1697 3923 1763 3966 56
1775 3915 2125 3980 Hyperboreos]
2161 3914 2336 3979 Aquas
2354 3909 2697 3976 septemtrio-

1632 3995 1794 4054 nales,
1816 4003 1872 4043 et
1889 3993 2029 4056 quasi
2052 4006 2208 4055 supra
2235 3992 2453 4038 Boream
2469 3993 2698 4046 ventum,

1634 4072 1719 4137 qui
1742 4070 1837 4120 flat
1858 4086 1887 4118 a
1903 4069 2318 4134 septemtrione:
2357 4064 2486 4129 ὑπὲρ,
2506 4078 2665 4132 super.

1696 4151 1761 4196 57
1802 4148 2011 4209 Utroque
2044 4145 2129 4194 sab
2161 4145 2274 4206 axe]
2327 4145 2561 4206 Utroque
2601 4136 2696 4188 snb

1630 4223 2049 4285 mundicardine,
2070 4221 2267 4271 scilicet
2283 4216 2692 4284 Septemtriona-

1631 4299 1671 4349 li
1691 4306 1746 4351 et
1766 4298 2077 4360 Meridiano,
2114 4297 2341 4348 victoriis
2363 4293 2663 4362 reportatis.
