2925 4928
447 403 580 472 452

1121 421 1236 471 01..
1291 420 1717 471 CLAUDIAM
1775 424 1972 474 xvu.

447 562 699 648 Stagna
725 563 918 649 Tagi,
943 564 1351 652 madidoque
1372 566 1585 652 jubas
1614 570 1981 654 aspergitur
2005 588 2192 635 auro.

451 666 758 753 Calliope
784 668 1080 754 liquidas
1107 668 1396 736 Alciden
1423 691 1634 757 posce
1656 673 2030 755 palaestras,

449 770 712 837 Cuncta
740 771 1175 838 Palaemoniis
1203 794 1442 838 manus
1475 775 1825 858 explorata
1846 776 2116 840 coronis
2160 785 2165 790 ’

449 873 681 955 Adsit,
710 881 776 942 et
807 877 971 942 Eleo
999 876 1213 962 pubes
1240 878 1517 942 laudata
1541 877 1859 942 Tonanti.

451 977 560 1044 Tu
579 979 752 1064 juga
777 979 1088 1065 Taygeti,
1117 980 1569 1065 frondosaque
1602 980 1923 1060 Maenala,
1963 982 2136 1060 Clio,

451 1081 492 1147 I
519 1083 772 1149 Triviae
805 1084 1126 1169 supplex.
1195 1084 1376 1149 Non
1408 1089 1769 1169 aspernata
1796 1090 2140 1169 rogantem

456 1183 1004 1271 Amphitheatrali
1016 1187 1257 1254 faveat
1285 1188 1578 1252 Latonia
1602 1207 1897 1272 pompae.

450 1286 772 1356 Audaces
794 1291 974 1373 legat
1000 1291 1155 1375 ipsa
1186 1292 1388 1369 viroS,
1418 1292 1533 1374 qui
1563 1290 2062 1362 conarer-arum

450 1389 623 1484 Arte
651 1391 881 1475 ligent,
905 1399 1213 1477 certoque
1243 1397 1547 1478 premant
1573 1394 1907 1459 venabula
1931 1395 2104 1458 nisu.

451 1569 528 1619 tin
547 1569 737 1618 hinnitu
752 1570 1019 1633 arroganti,

452 1649 567 1684 antro
588 1635 814 1684 humenti.

2524 1392 2657 1457 295

1050 1571 1325 1636 quicumque
1345 1571 1466 1622 bibit
1488 1587 1632 1636 aquas
1651 1573 1875 1621 micantes
1897 1570 2041 1633 Tagi,
2077 1575 2125 1619 et
2153 1569 2391 1630 irrigatur
2406 1583 2497 1631 per
2519 1566 2668 1628 juba·

880 1636 929 1684 Ο
958 1637 1188 1700 Calliope,
1206 1644 1317 1700 pete
1346 1638 1413 1687 ab
1439 1638 1644 1687 Hercule
1660 1639 1908 1701 palaeuras
1929 1637 2133 1686 nitidas.-
2165 1636 2316 1685 omnis
2336 1639 2525 1682 caterva
2556 1648 2667 1696 pro-

454 1698 566 1748 bata
587 1699 639 1748 in
662 1701 785 1749 ludis
809 1699 1111 1749 Puloemoniie
1130 1704 1368 1765 adveniat,
1388 1708 1436 1752 et
1446 1702 1675 1762 juventus
1688 1702 1887 1766 probata
1901 1702 2016 1750 Jovi
2039 1700 2301 1765 Olympico.
2371 1700 2446 1747 Tu
2469 1697 2617 1756 vero,
2634 1712 2666 1745 o

459 1765 584 1826 Clio,
603 1764 675 1813 ito
692 1763 959 1814 humilima
975 1766 1189 1816 Dianam
1220 1766 1288 1817 ad
1331 1769 1535 1817 culmina
1582 1767 1801 1832 Taygeti,
1832 1772 1880 1815 et
1920 1767 2132 1816 Moenala
2154 1767 2371 1829 sylvo³a,·
2406 1767 2454 1811 et
2491 1761 2584 1811 fac
2607 1768 2667 1811 ut

452 1828 567 1879 haec
584 1829 783 1879 Latonoe
793 1830 929 1895 filia,
962 1846 1054 1880 non
1075 1837 1368 1882 contemnens
1404 1833 1760 1897 supplicantem,
1792 1832 1976 1892 adjuvet
1995 1837 2273 1895 apparatum
2293 1828 2671 1891 amphitheatra-

455 1895 561 1945 lem.
628 1894 743 1959 Ipsa
764 1895 914 1957 eligat
935 1897 1062 1945 viros
1076 1897 1327 1962 animosos,
1359 1898 1442 1961 qai
1476 1899 1803 1959 constringant
1841 1896 2080 1946 industria
2116 1909 2209 1944 sua
2246 1896 2470 1944 cervicem
2488 1893 2669 1942 bellua-

1381 2027 1409 2045 θ
1415 2026 1739 2046 ‘O‘OOOOON‘

455 2107 618 2154 -287
650 2107 952 2169 madidasque
970 2105 1150 2159 Ambr.
1174 2124 1256 2173 pr.
1281 2109 1481 2159 Moret.
1504 2125 1611 2160 sec.
1646 2111 1861 2173 aspergit
1883 2110 1935 2158 in
1956 2125 2073 2158 auro
2093 2109 2215 2157 Vat.
2241 2110 2485 2171 pr.—-288
2519 2105 2678 2154 delec-

457 2173 536 2218 tas
556 2170 702 2220 Leid.
722 2186 803 2234 pr.
837 2173 1023 2222 Alcidis
1044 2175 1239 2223 Mazar-
1265 2175 1443 2225 Ambr.
1467 2190 1546 2239 pr.
1587 2176 1773 2225 Alcida.
1810 2176 1911 2224 duo
1949 2174 2096 2225 Med.
2135 2174 2349 2223 Aleidem
2390 2179 2496 2221 tres
2516 2172 2674 2219 Vatt.

458 2234 576 2284 Pal.
599 2236 831 2286 Florent.
853 2237 955 2286 duo
981 2238 1125 2287 Med.
1146 2241 1249 2288 inc.
1268 2241 1451 2290 Heius.
1475 2241 1602 2288 Put.
1626 2242 1824 2289 Bonnn.
1866 2240 1989 2290 Pat.
2028 2245 2133 2288 tres
2166 2239 2353 2287 Petav.
2393 2238 2523 2286 Exc.
2571 2237 2674 2285 Lu-

458 2312 601 2350 cens.
620 2315 698 2363 pr.
719 2301 802 2349 ed.
820 2303 997 2351 Parin.
1019 2310 1072 2352 et
1093 2304 1267 2354 Vicet.
1298 2306 1499 2354 Alciden
1517 2305 1622 2354 duo
1646 2306 1789 2354 Vatt.
1818 2306 1971 2356 Farn.
1992 2306 2125 2368 Reg.
2145 2304 2356 2352 Thalna.
2375 2300 2496 2351 Ald.
2537 2313 2677 2363 passe

458 2363 583 2414 Var.
605 2365 716 2414 LL.
737 2365 820 2414 ed.
845 2365 1008 2417 Antv.
1035 2368 1289 2431 pharetras
1308 2370 1681 2419 'Pholum—289
1720 2371 1877 2420 Uncto
1911 2371 2045 2434 conj.
2086 2369 2268 2419 Heius.
2301 2367 2485 2417 coronis
2517 2366 2675 2440 Prie.

460 2429 634 2492 colonis
655 2431 805 2482 Farn.
827 2431 947 2483 Vat.
970 2435 1137 2498 quint.
1170 2449 1235 2485 m.
1254 2450 1335 2500 pr.
1367 2435 1566 2485 Mazar.
1612 2436 1742 2485 Exc.
1768 2435 1898 2487 Cod.
1920 2435 2101 2485 Rhem.
2135 2433 2336 2483 theatris
2371 2432 2456 2482 vel
2488 2444 2683 2480 coram
2758 2424 2762 2428 ’

462 2494 636 2545 Oxon.
661 2502 933 2547 sem—290
966 2499 1105 2549 Assit
1125 2496 1322 2550 Moret.
1338 2516 1415 2566 pr.
1437 2502 1568 2550 Exc.
1592 2500 1809 2552 Gevart.
1845 2502 1997 2551 Helen
2021 2501 2144 2549 Var.
2172 2501 2275 2549 LL.
2300 2498 2384 2547 ed.
2418 2497 2588 2547 Antv.
2607 2510 2691 2546 m.¹

462 2573 545 2623 pr.
579 2562 698 2610 Eleo
721 2563 803 2610 vel
826 2564 1026 2613 oethereo
1048 2565 1196 2614 Med.
1217 2570 1502 2615 tert—292
1526 2567 1597 2614 Et
1625 2566 1806 2615 Trivioe
1828 2568 2021 2615 Mor-et.
2045 2581 2149 2615 sec.
2178 2564 2388 2614 Intimioe
2410 2563 2537 2611 Var.
2563 2561 2678 2610 LL.

462 2624 548 2673 ed.
571 2623 730 2675 Antv.
752 2628 784 2674 Ι
805 2629 883 2676 vel
909 2629 979 2677 Et
1008 2629 1185 2679 Trivioe
1208 2631 1383 2680 Oxou.
1400 2635 1645 2694 piu—294
1682 2633 1898 2680 Audaces
1927 2631 2076 2681 Leid.
2095 2644 2202 2682 sec.
2221 2629 2327 2678 vid.
2346 2628 2411 2676 de
2433 2626 2675 2675 hocloco

459 2689 677 2741 Salmas.
702 2692 766 2740 ad
793 2692 932 2741 Hist.
953 2692 1091 2757 Aug.
1113 2709 1166 2758 p.
1192 2700 1304 2746 258.
1338 2697 1423 2744 illa
1452 2697 1585 2759 Reg.
1610 2696 1806 2747 Mazar.
1828 2697 2037 2746 TholoS.
2079 2696 2253 2744 Oxou.
2277 2708 2363 2757 pr.
2388 2694 2488 2755 ipse
2511 2692 2675 2740 Farn.

460 2755 580 2804 oella
598 2757 726 2805 Exc.
748 2758 881 2809 Laeti
898 2766 956 2808 et
979 2760 1199 2810 Lucens.
1223 2776 1301 2825 pr.
1335 2762 1477 2809 corda
1496 2762 1628 2810 Exc.
1656 2762 1857 2811 Ruben.
1892 2761 1977 2812 ed.
2020 2762 2197 2810 Parm.
2234 2765 2292 2808 et
2327 2757 2673 2807 Vicet.-295

1456 2881 1672 2932 NOTAE

527 2979 622 3025 287
680 2978 882 3027 Madido
925 2979 1063 3042 auro]
1147 2981 1313 3046 Aquis
1354 2981 1526 3030 aureis

465 3051 620 3114 Tagi.
1383 3062 1392 3065 *

481 3186 492 3194 ι
528 3134 629 3178 288
671 3130 907 3194 Calliope]
944 3131 1126 3197 Καλὸς,
1144 3135 1353 3198 pulcher,
1375 3142 1429 3184 et
1451 3133 1533 3197 ὂψ,

461 3201 595 3268 ὀπὸς,
609 3222 732 3265 vox3
758 3209 896 3271 quasi
909 3210 1125 3273 pulchra
1140 3226 1265 3260 voce
1278 3213 1501 3274 praedita
1514 3230 1527 3260 z

461 3283 711 3347 praesidet
748 3284 987 3336 Hernicis
1026 3287 1281 3349 versibus»,
1315 3296 1371 3338 et
1409 3290 1528 3338 ideo

461 3359 600 3424 petit
623 3360 688 3409 ab
728 3361 900 3410 Hernii
927 3363 1157 3413 Hercule
1197 3366 1530 3428 palaestritas,

460 3435 514 3483 in
527 3436 709 3501 quibus
730 3437 889 3486 debet
904 3453 1015 3487 esse
1034 3439 1191 3490 robur
1210 3442 1527 3491 Hernicum:

460 3515 547 3562 vel
582 3514 718 3579 quod
741 3516 854 3565 haec
878 3517 1044 3565 amica
1082 3517 1149 3565 sit
1186 3519 1356 3567 Mallii
1399 3519 1531 3568 vatis

462 3587 695 3639 Hernici.

527 3663 755 3728 Alciden]
776 3667 1080 3729 Herculem,
1096 3668 1189 3717 ἀπὸ
1206 3671 1292 3727 τῆς
1312 3668 1480 3732 ἀλκῆς,
1500 3686 1530 3718 a

460 3738 638 3789 robore.
707 3742 836 3791 Ideo
870 3753 1048 3793 autem
1074 3753 1283 3807 rogatur
1323 3748 1528 3797 Hercu-

461 3815 557 3877 lea,
580 3817 700 3880 quia
722 3820 1031 3869 luctatorum
1057 3821 1385 3874 fortissimus.

527 3894 813 3958 Paloestras]
847 3896 1147 3961 Παλαίστρα,
1180 3901 1261 3948 vel
1295 3901 1434 3949 lucta·
1466 3902 1531 3948 lo-

462 3983 564 4031 cus,
594 3970 676 4018 vel
711 3972 994 4021 luctatorum
1032 3981 1295 4024 certamen.-
1325 3974 1532 4037 παλαίω,

461 4046 648 4103 luctor-3
680 4045 831 4108 πάλη,
861 4050 1019 4108 lucta5
1050 4051 1410 4116 παλαιστρίτης,
1435 4057 1530 4102 Iuc-

460 4125 608 4170 tutor.

526 4198 757 4261 Liquidas
797 4203 1063 4266 paloestras]
1115 4203 1322 4254 Nitidas
1365 4212 1421 4255 et
1466 4206 1525 4254 li-

461 4282 681 4341 quentes
701 4277 766 4327 ab
790 4279 891 4328 olei
914 4282 1178 4333 mictione.

1608 2982 1939 3033 lebrabantur
1960 2983 2013 3032 in
2045 2984 2289 3032 honorem
2312 2980 2483 3044 JoviS,
2506 2980 2680 3030 Palae-

1608 3062 1793 3121 monis,
1816 3065 1915 3111 &a

1678 3136 1900 3201 Coronis]
1922 3138 1986 3186 In
2003 3136 2242 3199 coetibus,
2262 3142 2316 3185 et
2333 3134 2486 3198 ludia,
2502 3139 2676 3184 certa·

1609 3213 1847 3276 minibus,
1871 3213 2116 3263 victui-iia.

1675 3294 1772 3339 290
1808 3291 1928 3340 Eleo
1952 3289 2179 3352 Tonanti]
2227 3289 2262 3340 J
2269 3289 2352 3338 ovi
2376 3287 2676 3352 Olympico,

1610 3366 1755 3430 cujus
1790 3367 1897 3415 ludi
1919 3366 2320 3417 'celebrabantur
2342 3363 2394 3413 in
2420 3364 2576 3414 Elide
2599 3378 2680 3414 re-

1611 3444 1761 3506 gione
1783 3443 2152 3507 Peloponnesi.
2462 3500 2467 3505 ,

1675 3525 1762 3569 29]
1811 3521 2029 3586 Taygeti,
2050 3519 2282 3583 Moenala]
2302 3518 2374 3569 Hi
2388 3524 2512 3569 sunt
2534 3532 2676 3568 mon·

1610 3602 1708 3659 tes»,
1729 3597 1984 3646 Maenalus
2008 3596 2268 3659 Arcadiae,
2289 3598 2554 3660 Taygetus
2579 3597 2676 3644 La·

1610 3674 1773 3723 coniae
1796 3692 1808 3722 ε
1846 3675 1897 3722 in
1920 3675 1995 3723 his
2019 3682 2236 3724 venatur
2260 3674 2442 3723 Diana.
2596 3684 2599 3685 ’

1679 3750 1806 3815 Clio]
1830 3750 1999 3814 Κλέος,
2015 3753 2191 3813 gloria.
2212 3752 2344 3800 Haec
2366 3752 2525 3800 Musa
2545 3766 2673 3815 prae·

1612 3826 1748 3876 sidet
1790 3829 2040 3878 historiis.
2122 3827 2229 3877 Sed
2263 3841 2355 3877 cur
2389 3826 2476 3876 hic
2519 3827 2669 3878 Clio?

1611 3903 1709 3950 nisi
1748 3904 1887 3968 quod
1926 3905 2090 3953 amica
2123 3904 2193 3953 sit
2229 3903 2397 3952 Mallii
2434 3903 2672 3952 historia-

1611 3994 1724 4028 rum
1744 3981 2012 4044 scriptoris
2036 3980 2236 4043 optimi.
2673 4015 2680 4020 -

1675 4060 1771 4105 292
1810 4056 2009 4118 Tririoe]
2061 4056 2267 4115 Dianae,
2301 4070 2417 4119 quae
2457 4056 2668 4105 Latonae

1610 4139 1687 4181 est
1726 4131 1851 4195 filia,
1898 4141 2197 4181 venatorum
2241 4133 2378 4196 Dea,
2420 4131 2474 4180 in
2507 4131 2670 4181 triviis

1608 4208 1840 4258 adorata.

1670 4289 1764 4334 295
1797 4284 2046 4347 Fremant]
2078 4285 2390 4336 Prementes
2411 4301 2568 4335 manu
2588 4301 2666 4336 ve-

526 4354 627 4401 289
658 4353 985 4420 Palaemoniie]
1036 4358 1171 4408 Ludi
1191 4358 1244 4408 in
1268 4359 1419 4410 Elide
1442 4360 1541 4412 ce?
1603 4361 1812 4426 nabala,
1835 4369 1981 4411 certo
2005 4362 2112 4412 ictu
2134 4361 2327 4412 bestias
2353 4363 2663 4426 percutiant.
