2925 4928
518 412 617 483 m
1343 423 1906 483 PRoLEeoMssNA

524 578 831 664 potuerit.
921 575 1184 661 Nempe
1233 596 1317 641 ea
1358 584 1546 641 erant
1584 577 1903 655 canenda,
1938 596 2426 663 quaemagnam
2467 587 2746 665 partem

518 683 704 766 apud
749 683 990 746 inferos
1036 683 1288 745 fuerant
1329 687 1541 762 gesta.
1636 680 1813 744 Haec
1838 682 1987 744 sine
2019 684 2263 748 monitu
2296 683 2523 749 divino
2555 687 2747 751 sciro

522 786 729 870 poeta.
761 806 881 849 non
916 794 1212 868 poterat3
1268 787 1557 848 anim-um
1598 786 1795 866 igitur
1849 785 1934 848 ab
1979 783 2287 868 Apolline
2328 793 2746 871 occupatum

525 889 734 972 fingit,
781 900 1189 972 mentemque
1238 892 1520 972 priorem
1575 891 1836 972 penitus
1884 889 2265 972 expulsam,
2312 878 2517 971 seque
2558 891 2747 959 inter

524 1013 749 1067 earum
776 1014 985 1057 rerum
1018 993 1277 1075 species
1304 1000 1571 1074 repente
1615 990 1925 1068 delatum,
1971 1010 2144 1073 quas
2197 997 2337 1056 erat
2380 992 2748 1075 expositu-

522 1115 659 1168 rus,
754 1095 949 1163 Hanc
983 1096 1183 1158 animi
1208 1095 1715 1163 concitationem
1745 1094 2079 1177 subitique
2108 1093 2345 1159 furoris
2376 1113 2742 1159 accessum

522 1198 838 1282 exprimit
888 1199 1242 1281 imaginum
1301 1200 1589 1262 obscura
1631 1203 1698 1261 et
1758 1199 2039 1262 confusa
2097 1196 2515 1280 significatio,
2574 1216 2742 1280 qum

524 1303 735 1373 oculis
766 1302 847 1387 de
875 1302 1237 1384 improviso
1285 1307 1437 1364 sunt
1478 1285 1762 1377 obortae,
1813 1307 2015 1382 atque
2063 1289 2428 1376 illa‘fictio,
2478 1299 2738 1382 quain

522 1404 840 1487 templum
861 1402 1118 1467 Cereris
1146 1402 1502 1468 Eleusinia>
1525 1403 1785 1466 delatus
1812 1404 1941 1466 sibi
1965 1403 2252 1480 videtur,
2272 1403 2488 1485 iisque
2514 1401 2737 1472 sacris

522 1506 860 1585 interesse,
890 1507 964 1570 in
991 1508 1230 1590 quibus
1263 1507 1521 1573 actione
1553 1506 1844 1589 quadam
1879 1507 2099 1570 oculis
2144 1525 2226 1569 ea
2264 1505 2737 1589 proponeban-

522 1613 650 1685 tur,
681 1629 834 1692 quae
867 1617 1323 1693 argumentum
1372 1610 1679 1674 carminis
1720 1611 2142 1674 constituunt.
2230 1607 2276 1672 J
2280 1627 2390 1672 am
2417 1608 2546 1677 sibi
2574 1607 2735 1677 red!-

522 1712 732 1790 ditus,
762 1732 1137 1797 quanquam
1165 1719 1382 1777 mente
1412 1713 1632 1779 adhuc
1665 1718 2016 1789 commota,
2038 1712 2335 1775 Deorum
2363 1713 2735 1779 inferorum

519 1817 786 1881 veniam
817 1821 1148 1900 precatur,
1177 1821 1254 1880 ut
1285 1816 1437 1894 sibi,
1460 1836 1617 1900 quae
1648 1816 1907 1893 videri-t,
1940 1836 2088 1881 cum
2119 1815 2270 1879 aliis
2298 1815 2500 1878 liceat
2540 1832 2732 1879 com·-

519 1918 882 1985 municare.
994 1919 1153 1983 Hoc
1197 1920 1673 1995 enthusiasmo,
1705 1938 1840 2002 quo
1879 1917 2083 2002 po‘eta
2131 1917 2476 1983 consilium
2517 1923 2735 2000 atquo

521 2027 973 2102 argumentum
1000 2023 1310 2086 carminis
1341 2025 1671 2107 proponit,
1703 2023 1969 2088 lectoris
2019 2022 2279 2087 animus
2321 2023 2730 2089 necesseest

517 2123 934 2197 vehementer
986 2131 1498 2203 commoveatur,
1530 2126 2040 2209 expectatioque
2083 2122 2476 2199 intendatur,
2521 2140 2735 2205 quam

517 2224 757 2295 deinde
786 2249 868 2292 ne
896 2230 1205 2295 destituat
1230 2231 1521 2295 narratio
1550 2233 1725 2314 ipsa,
1755 2232 1958 2295 etiam
1991 2237 2200 2312 atque
2248 2230 2448 2292 etiam
2478 2246 2733 2293 cavens

514 2326 675 2394 dum
702 2338 824 2397 est.
913 2331 1164 2397 Verum
1212 2352 1656 2416 nequaquam¹
1681 2333 1799 2396 illa
1841 2330 2268 2395 frustrabitur
2312 2330 2617 2408 lectores,
2658 2329 2732 2397 sii

519 2447 734 2498 rerum
761 2435 1095 2518 expositio
1122 2435 1221 2499 ita
1247 2443 1349 2501 est
1375 2439 1764 2519 temperata,
1794 2440 1869 2498 ut
1897 2429 2405 2499 admirationem
2436 2435 2732 2511 moveat,

520 2540 866 2614 sustentet,
898 2539 1145 2602 sensim
1172 2544 1434 2621 augeat,
1465 2540 1752 2602 animum
1785 2558 1907 2621 spe
1953 2541 2019 2601 et
2054 2537 2288 2601 timore
2318 2555 2732 2618 suspensum

516 2643 756 2717 teneat,
808 2660 1112 2723 novaque
1164 2660 1427 2724 semper
1476 2641 1819 2724 voluptate
1849 2637 2280 2723 permulceat,
2310 2638 2571 2705 etiamsi
2593 2638 2730 2704 im«,

517 2746 737 2822 petuS,
786 2763 921 2826 quo
968 2762 1142 2826 opus
1186 2749 1289 2808 est
1332 2746 1723 2827 incoeptum,
1776 2743 1844 2808 in
1892 2741 2284 2806 sedatiorem
2330 2739 2728 2808 narrationis

513 2842 837 2920 habitum,
861 2847 1057 2909 rebus
1087 2847 1510 2929 exponendis
1534 2853 1789 2930 aptum,
1824 2846 2081 2910 abierit.
2170 2841 2554 2923 Cogitemus
2595 2843 2726 2924 igi-2·

515 2949 622 3008 tur
649 2946 921 3029 poetam
948 2948 1297 3031 repentino
1339 2949 1629 3012 numinis
1676 2949 1994 3012 instinctu
2037 2948 2256 3007 mente
2303 2944 2501 3026 solita
2541 2964 2724 3012 emo-:1

513 3052 699 3127 tum,
725 3052 1051 3133 novisque
1097 3071 1310 3114 rerum
1360 3052 1783 3132 imaginibUS,
1838 3068 1992 3133 quae
2038 3047 2102 3111 ei
2148 3046 2302 3111 aliae
2350 3049 2506 3127 post
2547 3045 2728 3112 alia&

511 3151 966 3230 suboriuntur,
1024 3158 1393 3235 stupentem
1452 3159 1519 3216 et
1576 3153 2062 3226 conturbatum,
2122 3168 2344 3212 rerum
2395 3166 2725 3216 novatum

515 3253 931 3317 multitudine
973 3261 1039 3318 et
1073 3256 1255 3318 mole
1299 3256 1496 3339 plane
1535 3259 1895 3330 oneratum,
1929 3250 2497 3336 conditionemque
2528 3268 2723 3317 suarm

509 3354 589 3417 in
615 3355 992 3420 universum
1044 3363 1297 3438 tantum
1338 3357 1754 3432 indicantem,
1777 3355 2170 3439 potioraque
2220 3353 2450 3434 capita
2493 3370 2724 3418 eorum·

517 3456 995 3540 significantem
1036 3480 1186 3541 quae
1238 3467 1392 3523 ante
1439 3461 1670 3523 oculos
1716 3462 2080 3521 versantur.
2174 3454 2512 3533 Narratio,
2566 3474 2724 3537 quae

513 3561 836 3641 sequitur,
865 3561 1078 3625 videri
1128 3567 1350 3643 potest
1400 3560 1575 3643 eine,
1629 3560 1747 3641 qui
1792 3558 2161 3641 resipuerit,
2214 3539 2517 3640 aliisque,
2562 3575 2710 3640 quae

511 3660 774 3738 viderit,
837 3664 1059 3726 animo
1122 3683 1352 3726 rursus
1410 3662 1786 3745 composito
1858 3667 1927 3724 et
1997 3659 2220 3742 quieto
2287 3658 2722 3742 exponentis&

517 3760 718 3825 Hanc
776 3768 1091 3829 rationem
1125 3772 1397 3829 secutus
1425 3784 1575 3827 esse
1605 3765 1858 3827 videtur
1904 3765 2071 3826 inter
2122 3764 2291 3826 alios
2321 3761 2714 3828 Wielandus

513 3871 775 3944 noster,
821 3868 889 3928 in
914 3869 1205 3930 *carmine
1236 3865 1483 3929 Oberon
1503 3866 1852 3947 inscriptO,
1872 3884 2066 3946 quem
2090 3884 2282 3929 nemo
2322 3884 2547 3941 sanus,
2583 3864 2718 3932 nist

504 3968 630 4051 qui
672 3977 962 4033 veterum
1005 3969 1330 4052 exemplis
1373 3987 1643 4051 prorsus
1698 3967 2279 4049 acquiescendum,
2313 3967 2381 4029 H
2388 3967 2716 4050 oratiique

508 4081 925 4156 praeceptum
956 4092 1214 4155 semper
1245 4076 1312 4135 et
1334 4073 1580 4153 ubique
1610 4069 2016 4152 sequendum
2046 4075 2261 4153 putat,
2292 4069 2473 4134 nulla
2498 4089 2713 4135 rerum

509 4179 760 4239 naturae
791 4178 1040 4239 ratione
1067 4175 1318 4253 habita,
1364 4175 1493 4238 hoc
1529 4174 1812 4237 nomine.
1845 4172 2267 4255 vituperabit.
2358 4169 2533 4248 Quae
2566 4169 2716 4254 qui-2

504 4274 663 4343 dem
687 4282 938 4342 veteres
980 4278 1050 4341 in
1093 4278 1345 4351 ratione
1387 4281 1456 4341 et
1497 4275 1855 4359 disciplina
1880 4274 2139 4358 pulchri
2169 4274 2584 4339 instituerunt
2608 4277 2706 4338 at·
