2925 4928
927 426 1007 475 ιΝ
1060 423 1411 475 Romnum
1461 424 1604 474 mn.
1654 425 1736 476 11.
2300 409 2427 475 163

224 569 376 637 Uno
407 569 469 635 si
496 568 761 654 placuit
786 568 991 634 deleri
1021 572 1277 636 saecula
1304 572 1526 656 lapsu,

228 673 303 738 Si
326 674 520 758 piget
548 673 822 737 humani
858 677 1110 757 generis
1137 699 1154 757 3
1203 682 1594 760 prorumpat
1621 676 1691 740 in
1720 693 1880 740 arva

225 777 531 841 Libertas
562 776 830 842 cffraena
857 780 1085 857 mariS‚
1116 781 1224 842 vel
1256 781 1474 843 limite
1506 780 1690 844 nullo
2292 777 2426 845 210

227 881 487 945 Devius
510 890 812 945 errantes
826 881 1196 946 Phaethon
1227 883 1603 947 confundat
1627 883 1947 948 habenas·
2051 920 2052 923 π

227 984 360 1049 Cur
388 1005 509 1067 per
540 984 860 1049 Rufinum
893 989 1179 1067 geritur?
1230 990 1668 1070 procumbere
1695 986 2016 1052 mundum

229 1086 388 1150 Hoc
420 1096 702 1152 auctore
731 1089 961 1172 pudet.
1054 1089 1307 1153 Mediis
1337 1110 1733 1155 revocamur
1763 1092 1848 1154 ab
1881 1089 2103 1168 armiS,

225 1185 395 1273 (Pro
427 1190 621 1254 dolor
644 1189 696 1274 ἔ)
738 1198 805 1255 et
836 1193 1106 1255 strictos
1135 1192 1477 1275 deponere
1508 1194 1804 1275 cogimur
1832 1211 2052 1258 enses,
2331 1260 2334 1261 γ

225 1290 396 1369 Vos,
429 1313 693 1359 arsuraer
717 1296 944 1370 urbeS,
975 1297 1405 1379 perituraque
1427 1298 1705 1374 moenia,
1737 1302 1980 1362 testor:
2303 1294 2440 1364 215

228 1393 411 1459 Cedo
442 1395 779 1480 equidem,
813 1405 883 1462 et
911 1399 1228 1462 miserum
1259 1401 1568 1482 permitto
1599 1400 1875 1464 casibus
1903 1390 2156 1466 orbem.

227 1495 520 1562 Flectite
552 1502 761 1582 signa,
795 1502 1043 1579 duces:
1088 1484 1340 1568 redeat.
1341 1504 1488 1587 jam
1519 1505 1705 1567 miles
1731 1504 1919 1569 Eois·

225 1599 617 1666 Parendum
649 1610 772 1667 est.
862 1603 907 1668 J
913 1611 1149 1670 aceant
1174 1605 1358 1670 litui:
1405 1606 1757 1689 prohibete
1790 1609 2091 1692 sagittae,

224 1801 371 1851 visum
391 1806 463 1851 est
483 1803 637 1852 everti
656 1806 828 1854 saecula
842 1820 933 1855 uno
955 1811 1101 1866 motu,
1122 1808 1164 1855 si
1186 1808 1327 1857 toedet
1362 1824 1442 1857 vos
1460 1808 1624 1869 gentis
1641 1810 1914 1867 hominum,·
1944 1810 2136 1859 licentia
2152 1825 2321 1860 vesana
2342 1827 2441 1860 ma-

224 1867 298 1914 ris
309 1866 600 1931 effundatur·
610 1869 663 1916 in
678 1886 863 1933 campos
878 1887 896 1926 ‚·
925 1877 1009 1921 aut
1032 1872 1280 1921 Phaethon
1296 1873 1520 1923 aberrans
1537 1889 1565 1922 a
1578 1876 1658 1922 via
1674 1881 1804 1923 recta
1820 1876 2014 1925 misceat
2021 1875 2184 1935 sroena
2196 1877 2441 1938 vagantia.

228 1931 385 1987 Quare
408 1934 458 1981 id
470 1934 543 1997 fit
564 1949 651 1995 per
676 1936 930 2000 Rufinum?
954 1937 1239 2003 Probrosurn
1257 1944 1327 1987 est
1342 1939 1497 1987 orbem
1509 1939 1868 2005 ¹labefactariab
1883 1941 1966 1988 hoc
1987 1946 2203 1990 auctore:
2236 1958 2263 1990 o
2284 1942 2440 1990 tristi-

227 1996 385 2045 tiam!
434 2001 733 2048 retrahimur
751 2016 782 2048 a
802 2003 952 2051 medio
975 2002 1111 2062 bello,
1150 2009 1196 2052 et
1232 2004 1445 2065 cogimur
1482 2004 1682 2064 abjicere
1710 2006 1898 2066 gladios
1914 2007 2172 2055 districtos.
2247 2007 2340 2055 Vos
2360 2021 2443 2069 ap-

223 2062 360 2125 pello,
381 2078 413 2111 o
436 2066 609 2126 oppida
632 2065 932 2127 incendenda,
954 2072 999 2115 et
1023 2069 1148 2116 muri
1164 2069 1487 2119 subvertendi.-
1519 2071 1730 2132 equidem
1751 2074 1915 2120 recedo
1936 2078 1983 2120 et
1999 2072 2206 2134 relinquo
2221 2073 2446 2121 mundum

229 2127 455 2241 ‹ffictum
482 2128 704 2187 fortunae
721 2147 738 2178 .-
782 2146 813 2179 o
842 2134 1097 2194 Ductores,
1132 2135 1304 2183 vertite
1325 2135 1500 2184 vexilla
1515 2152 1532 2183 .-
1565 2136 1740 2183 milites
1765 2137 1979 2186 Orientis
2003 2137 2110 2197 ,iam
2129 2141 2447 2186 revertantur.

254 2192 557 2253 *bediendum
591 2201 663 2251 est
679 2212 719 2247 .··
749 2195 875 2246 tubae
913 2198 1110 2253 sileant:
1164 2200 1362 2252 retinete
1399 2201 1516 2264 tela,
1549 2200 1777 2265 ignoscite
1798 2202 1924 2250 hosti
1938 2203 2219 2267 propinquo,
2242 2201 2446 2269 Rufinus

234 2376 237 2379 .
364 2374 369 2377 -
1162 2365 1309 2386 OM
1314 2366 1520 2386 ΝΝΝΝΝ

229 2474 314 2524 vei
331 2476 504 2527 saecnla
528 2478 824 2543 Lem—209
855 2496 988 2531 arma
1006 2482 1152 2532 Rott.
1175 2482 1375 2532 Thuan.
1422 2496 1540 2531 arva
1574 2482 1656 2532 vei
1697 2497 1832 2531 arma
1855 2482 2146 2532 Pan—210
2184 2481 2452 2544 Tempestas

230 2554 399 2590 vesana
419 2544 545 2593 Vat.
570 2560 647 2607 pr.
708 2546 972 2610 Tempestas
992 2548 1157 2597 insana
1179 2549 1302 2597 Vat.
1328 2547 1499 2596 Livin.
1549 2549 1676 2596 nullo
1698 2554 1804 2596 tres
1826 2549 1946 2597 Vnt.
1968 2549 2083 2596 Pal.
2109 2548 2259 2595 Farn.
2283 2546 2448 2596 Oisel.

230 2608 358 2657 Exc.
386 2610 546 2672 Laeti,
570 2611 707 2669 justo
743 2612 844 2661 duo
897 2615 1017 2662 Vat.
1056 2621 1160 2664 vet.
1201 2612 1332 2676 Gyr.
1377 2613 1523 2662 Prie.
1568 2613 1716 2662 Med.
1770 2627 1871 2662 sec.
1923 2614 2048 2662 Vat.
2094 2612 2258 2661 Livin.
2317 2612 2449 2664 Exc,

230 2672 450 2724 Lucens.
498 2690 607 2724 sec.
672 2678 800 2725 nullo
826 2679 904 2726 vel
932 2678 1066 2738 justo
1090 2680 1239 2728 Rott.
1273 2678 1505 2727 Florent.
1570 2679 1695 2726 nullo
1719 2679 1800 2727 vel
1824 2683 1952 2726 certo
1975 2676 2159 2726 Ambr.
2205 2679 2448 2739 pru—211

232 2738 417 2788 Pkcton
443 2740 574 2788 Lov.
599 2742 753 2790 ambo
776 2744 969 2792 Moret.
990 2745 1161 2792 Triton
1180 2744 1304 2792 Vnt.
1330 2758 1410 2805 pr.
1424 2758 1494 2791 m.
1512 2757 1591 2805 pr.
1615 2758 1783 2791 arenas
1802 2757 1897 2805 pro
1918 2742 2119 2790 habenas
2138 2743 2262 2790 Vnt.
2282 2739 2451 2804 quint.

226 2808 387 2860 -212
409 2820 640 2866 urgemur
665 2807 792 2857 Exc.
816 2809 1034 2857 Lucens.
1051 2824 1157 2857 sec.
1172 2808 1310 2859 unde
1334 2808 1578 2856 Heinsius
1600 2808 1918 2870 conjiciebat
1937 2807 2151 2856 terimur.
2170 2804 2454 2865 confundere

232 2871 450 2919 nundum
476 2871 604 2918 Vat.
631 2877 757 2919 tert.
783 2888 850 2922 m.
876 2877 1118 2936 pia—213
1151 2879 1310 2922 actore
1349 2874 1493 2921 Rott.
1529 2874 1684 2922 Farn.
1708 2874 1939 2922 Florent.
1964 2872 2108 2921 Med.
2132 2886 2237 2921 sec.
2262 2871 2456 2921 Petav.

234 2948 333 2984 sec.
359 2936 494 2984 Exc.
518 2935 650 2983 (jod.
681 2937 862 2986 Rhem.
897 2945 1143 2987 revocatur
1183 2944 1290 2987 vet.
1330 2937 1462 3000 Gyr.
1497 2953 1765 2987 revocamur
1787 2940 1870 2987 vel
1892 2942 2140 2987 revocatur
2160 2938 2283 2985 Vat.
2307 2950 2454 2998 pr.—

228 3001 325 3049 814
356 3017 447 3064 pro
466 3000 490 3048 Ι
520 3000 645 3063 proh
663 3002 827 3051 dolor!
860 3005 1089 3052 astrictos
1114 3002 1258 3054 Leid.
1287 3004 1406 3052 Put.
1428 3003 1590 3052 Ardor
1608 3008 1654 3054 ct
1678 3005 1926 3052 adstrictos
1946 3004 2069 3052 Vnt.
2095 3001 2261 3050 Livin.
2296 3001 2455 3049 Ardor

235 3067 278 3112 et
297 3067 554 3114 adstrictos
573 3068 657 3113 ve!
684 3068 782 3116 Pro
802 3070 952 3130 pudor
972 3074 1019 3117 et
1035 3069 1225 3117 strictos
1250 3067 1368 3115 Vat.
1393 3083 1475 3130 pr.
1508 3069 1761 3119 adstrictos
1798 3069 1958 3120 etiam
1982 3066 2233 3116 exhibent
2256 3066 2376 3115 Pat.
2399 3069 2457 3114 et

238 3123 378 3178 Leid.
427 3145 531 3178 sec.
575 3131 822 3181 Heinsius
862 3133 1179 3196 ascripserat
1215 3133 1382 3181 locum
1424 3133 1515 3181 lib.
1560 3147 1597 3182 1.
1638 3134 1688 3181 in
1727 3136 1945 3197 Eun-op.
1984 3147 2057 3182 vs.
2103 3133 2195 3181 ult.
2236 3144 2458 3193 reponere

237 3192 375 3244 Med.
420 3203 594 3258 quart.
649 3198 877 3259 depellere
914 3199 1205 3250 Low—216
1243 3199 1395 3245 Credo
1436 3197 1582 3246 Med.
1623 3213 1731 3248 sec.
1767 3214 1834 3250 m.
1873 3212 1976 3250 sec.
2021 3197 2250 3258 promitto
2294 3195 2457 3246 Oisel.

239 3260 475 3308 committo
502 3259 647 3309 Med.
676 3268 794 3310 tert.
843 3265 1069 3325 promitto
1104 3264 1188 3311 vel
1224 3262 1447 3325 permitto
1490 3262 1613 3311 Put.
1646 3263 1853 3312 cladibus
1894 3269 2114 3327 quatuor
2137 3262 2259 3309 Vat.
2295 3260 2453 3309 Farn-

241 3324 376 3375 Prie.
400 3327 555 3374 Rott.
585 3326 751 3375 Oisel.
778 3328 906 3378 Exc.
933 3328 1086 3389 Laeti,
1117 3326 1301 3375 casibus
1325 3335 1429 3376 vet.
1456 3328 1587 3391 Gyr.
1613 3328 1737 3376 Vnt.
1761 3328 1925 3376 Livin.
1948 3328 2077 3375 Exc.
2104 3327 2322 3374 Lucens.
2346 3337 2453 3399 seg.

242 3403 394 3451 marg.
438 3391 630 3452 Isingr.
681 3391 865 3440 casibus
899 3393 985 3441 vel
1023 3392 1232 3441 cladibus
1259 3394 1380 3440 Vnt.
1408 3408 1486 3454 pr.
1531 3394 1711 3442 hostem
1750 3407 1907 3455 marg.
1949 3392 2302 3454 Isingr.-21⁷
2337 3389 2457 3463 E⁰.‘.⁸

243 3454 378 3516 Med.
404 3464 529 3505 tert.
556 3456 680 3507 Put.
708 3457 908 3507 Bonon.
928 3458 1133 3506 Tholos.
1173 3459 1273 3506 duo
1313 3457 1504 3507 Petav.
1525 3457 1709 3506 Ambr.
1735 3463 1857 3506 tert.
1894 3457 2089 3506 incert.
2115 3455 2299 3503 Heius.
2337 3453 2457 3502 Eius

245 3520 318 3569 vel
340 3520 468 3569 Eous
490 3522 627 3581 Reg.
659 3520 761 3568 duo
806 3522 978 3571 Oxou.
1033 3523 1161 3570 Eous
1187 3522 1369 3571 decem
1395 3523 1503 3581 alii,
1525 3524 1656 3570 Exc.
1680 3523 1815 3571 Laeti
1840 3526 1894 3569 et
1922 3522 2038 3568 Pat.
2067 3534 2169 3569 rec.
2189 3520 2243 3566 in
2266 3518 2456 3580 Petav,

247 3589 357 3634 tert.
380 3593 436 3635 et
471 3586 599 3633 Put.
626 3592 748 3648 post
770 3587 904 3638 mites
941 3594 1053 3635 erat
1085 3586 1250 3638 τελεία
1271 3585 1632 3648 στιγμή-218
1668 3588 1939 3635 Parendum
1961 3590 2030 3633 est
2054 3586 2174 3634 Vat.
2198 3598 2301 3633 sec.
2325 3584 2456 3633 Exc-

250 3647 371 3698 Laeti
405 3659 459 3699 et
484 3652 708 3700 Lucens,
741 3666 844 3700 sec.
904 3651 1169 3700 Parendum
1203 3653 1393 3716 absque
1416 3657 1489 3700 est
1510 3652 1696 3700 PetaV.
1722 3667 1800 3714 pr.
1825 3651 1927 3699 dno
1950 3649 2130 3698 Ambr.
2185 3649 2459 3710 Parendum

251 3714 324 3761 vel
362 3716 664 3764 Parcendum
703 3716 823 3765 Vnt.
855 3731 937 3778 pr.
992 3717 1287 3766 Parcendum
1323 3722 1395 3765 est
1437 3716 1622 3781 reliqui
1652 3729 1849 3775 omnes,
1883 3722 1943 3765 ut
1983 3722 2038 3763 et
2070 3715 2201 3762 Exc.
2237 3714 2459 3762 Gevart.

252 3776 458 3832 Iacens.
481 3795 570 3845 pr.
593 3786 652 3831 et
674 3780 760 3830 ed.
783 3781 962 3833 Vicet.
1014 3783 1123 3832 litui
1142 3787 1330 3832 taceant
1356 3782 1531 3831 Oxou.
1551 3797 1630 3844 pr.
1652 3781 1847 3841 jaceant
1869 3782 1993 3830 Vat.
2019 3781 2182 3846 quint.
2211 3777 2461 3852 prohibere

400 3881 421 3910 ³
1240 3915 1454 3967 NOTAE

307 4028 398 4076 208
432 4027 607 4077 Deleri
641 4027 836 4091 secula]
872 4027 1060 4079 Amitti
1089 4027 1318 4078 fructum
1397 4027 1602 4100 φαέθων,
1620 4031 1803 4079 ardens.

255 4103 325 4151 tot
363 4117 638 4166 annornm,
680 4110 862 4168 totque
909 4106 1233 4169 saeculorum,
1264 4104 1317 4153 in
1461 4110 1559 4154 217
1594 4106 1740 4154 Miles
1782 4103 1925 4167 Eois]
1982 4102 2183 4154 Milites
2227 4099 2462 4154 Orientis

259 4179 514 4230 condendo
541 4183 893 4230 Romanorum
918 4182 1165 4245 Imperio.
1399 4183 1621 4232 redeant
1644 4182 1696 4230 in
1731 4181 1965 4243 regiones
1980 4195 2129 4229 suas:
2154 4178 2265 4242 ἠὼς,
2286 4185 2340 4227 et
2362 4175 2465 4246 ἕως,

310 4259 398 4305 211
432 4256 714 4318 Phaethon]
783 4257 944 4305 Filius
1009 4257 1166 4319 Solis,
1229 4257 1316 4321 qui
1396 4258 1606 4321 Aurora,
1640 4256 1777 4305 unde
1802 4257 1951 4316 Eous,
1986 4256 2074 4320 qui
2097 4254 2162 4304 ad
2184 4253 2463 4316 Auroram,

259 4330 388 4398 equis
425 4331 733 4383 errantibus
747 4332 1013 4399 ‚mundum
1050 4332 1314 4384 incendit:
1398 4349 1492 4389 seu
1537 4334 1811 4386 Orientem
1846 4336 2071 4400 spectat.
2158 4331 2260 4382 Vel
2302 4329 2464 4393 forte,
