2925 4928
459 410 612 486 ,478

485 557 887 623 Communes
915 558 1058 624 vult
1086 577 1238 624 esse
1265 564 1492 636 notam,
1522 563 1591 622 et
1617 558 1920 624 venditus
1948 560 2098 643 ipse
2242 638 2249 641 ,

484 660 795 726 Vendere
826 669 1072 727 cuncta
1100 663 1311 746 cupit.
1400 661 1794 728 Certantum
1822 682 2005 748 saepe
2035 662 2312 727 duorum

483 763 842 830 Diversum
873 764 1221 850 suspendit
1249 785 1456 830 onus:
1505 785 1660 833 cum
1687 766 1981 851 pondere
1997 765 2213 850 judex

477 862 738 949 Vergit,
764 870 831 932 et
859 868 925 931 in
955 868 1256 951 geminas
1285 871 1475 933 nutat
1503 869 1846 951 provincia
1872 869 2122 933 lances,
2490 948 2495 953 .

568 970 729 1037 Non
758 973 985 1056 pudet,
1017 973 1146 1037 heu
1173 972 1434 1055 Superi,
1465 973 1766 1056 populos
1800 972 2049 1038 vaenire
2078 972 2202 1037 sub
2231 969 2477 1037 hasta?
2552 970 2683 1038 210

477 1072 848 1177 vendentis
877 1082 1057 1143 certe
1085 1074 1358 1159 pudeat.
1450 1073 1634 1153 Quid
1654 1075 1804 1159 jure
1832 1076 2169 1158 sepultum
2208 1136 2217 1143 ‚
2352 1066 2373 1089 ”

483 1175 899 1262 Mancipium
932 1183 1029 1242 tot
1055 1197 1258 1260 regna
1286 1184 1500 1254 tenet,
1533 1183 1636 1242 tot
1665 1170 1975 1257 distrahit
2002 1178 2198 1242 urbes
2218 1178 2249 1241 ‘t

479 1279 842 1344 Pollentem
870 1281 1041 1345 solio
1075 1279 1382 1345 Croesum
1412 1281 1695 1345 victoria
1724 1280 1887 1364 Cyri
2234 1354 2241 1361 ,

479 1380 726 1465 Fregit,
756 1388 832 1447 ut
860 1383 1164 1449 eunucho
1195 1384 1467 1450 fluerent
1494 1384 1810 1449 Pactolus
1840 1388 1908 1448 et
1935 1383 2223 1449 Hermus
2247 1385 2277 1447 'l
2349 1388 2357 1396 “

1154 427 1266 475 01..
1314 424 1740 479 omium-Am
1792 426 2016 477 xvln.

453 1584 831 1640 ‘consolationem
860 1605 961 1641 suoe
981 1590 1280 1653 conditionis,
1302 1596 1348 1641 et
1384 1592 1490 1656 ipse
1509 1593 1741 1657 venditus,
1774 1594 1957 1657 expetit
1980 1593 2179 1642 vendere
2197 1591 2351 1641 omnia
2364 1606 2382 1641 .·
2403 1591 2689 1655 frequente?

471 1656 641 1719 pendit
669 1657 880 1719 pretium
898 1656 1082 1705 varium
1109 1660 1304 1706 duorum
1326 1659 1616 1719 ‹emulos-um,
1638 1666 1693 1708 et
1732 1673 1853 1707 mox
1886 1660 1998 1722 ipse
2027 1657 2184 1718 judex
2203 1657 2401 1707 inclinat
2421 1673 2526 1706 oum
2548 1671 2691 1706 onere

477 1721 730 1784 graviore,
764 1727 812 1771 et
851 1722 1093 1785 provincia
1132 1723 1360 1786 regenda
1405 1726 1580 1787 pendet
1615 1723 1665 1771 in
1705 1724 1874 1773 libram
1913 1726 2210 1773 alterutram.
2278 1724 2376 1771 Pro
2425 1721 2557 1772 Dii!
2595 1736 2693 1770 non

471 1788 622 1849 pudet
660 1801 767 1847 vos,
803 1792 970 1848 gentes
1010 1788 1147 1836 vendi
1187 1788 1270 1836 sub
1303 1786 1481 1840 hasta?
1551 1788 1780 1839 Venditor
1814 1790 2002 1852 quidem
2037 1789 2153 1852 ipse
2191 1788 2447 1838 erubescat.
2482 1806 2487 1811 ·
2518 1783 2694 1842 Quid?

478 1850 652 1899 Servus
681 1856 892 1900 mortuus
935 1852 1076 1900 civili
1117 1852 1229 1912 jure
1273 1854 1478 1916 possidet
1511 1858 1581 1903 tot
1619 1854 1839 1919 imperia,
1858 1855 2016 1903 vendit
2038 1858 2110 1903 tot
2130 1850 2338 1917 oppida?
2404 1851 2693 1915 THumphus

474 1915 600 1991 *cyri
640 1915 812 1978 dejecit
853 1916 1051 1981 imperio
1086 1917 1296 1967 Croesum
1339 1923 1598 1984 potentem,
1643 1924 1699 1969 ut
1741 1920 1967 1969 Pactolus
1999 1923 2047 1969 et
2086 1918 2298 1969 Hermus
2333 1917 2544 1982 fluerent
2589 1929 2685 1981 pro

1402 2100 1461 2120 00
1464 2101 1551 2121 ΝΟ
1554 2101 1610 2121 OO
1613 2100 1761 2121 ‘Ouo

476 2230 677 2281 Bonon.
698 2232 820 2281 sorti
841 2231 942 2281 dno
966 2231 1149 2282 Leidd.
1172 2236 1228 2282 et
1250 2232 1475 2284 sedecim
1499 2234 1604 2297 alii,
1627 2235 1757 2285 Exe.
1783 2234 2002 2284 Gevart.
2042 2233 2262 2283 Lucens.
2303 2243 2410 2280 sec.
2430 2229 2558 2279 Va'r.
2579 2226 2687 2279 LI..

451 2306 452 2309 ’
479 2311 510 2346 e
533 2311 691 2360 marg.
714 2296 887 2346 Parm.
911 2294 1196 2347 Ald.-2o·1
1217 2298 1358 2359 jubet
1380 2298 1564 2349 Ambr.
1600 2304 1723 2350 tert.
1766 2300 1890 2363 petit
1913 2300 2141 2350 Florent.
2161 2301 2304 2360 parat
2342 2295 2535 2345 Moret.
2580 2309 2687 2344 sec.

476 2367 628 2410 certat
648 2367 748 2411 tum
770 2361 1060 2412 Pan—208
1091 2364 1330 2426 suspendit
1355 2365 1436 2413 vel
1478 2366 1699 2429 supponit
1723 2365 1851 2415 Exc.
1876 2364 2026 2415 Laeti.
2065 2363 2289 2427 ponderis
2324 2361 2467 2411 index
2487 2359 2687 2423 Scalig.

476 2431 641 2477 —209
673 2427 849 2477 Pendit
872 2428 954 2478 vel
983 2428 1152 2492 Vergit
1174 2429 1295 2480 Put.
1318 2434 1456 2479 nutat
1491 2430 1736 2495 provincia
1757 2427 1886 2480 Exc.
1910 2428 2046 2480 Laeti
2087 2436 2141 2479 et
2166 2429 2382 2478 Lucens.
2408 2440 2517 2477 sec.
2541 2426 2689 2476 vertit

479 2491 565 2542 ed.
590 2493 763 2543 Vicet.
806 2496 930 2542 seria
968 2494 1027 2558 [i.
1067 2510 1115 2544 e.
1153 2496 1403 2559 sententia]
1438 2496 1563 2547 Jun.
1601 2511 1682 2560 pr.
1722 2495 1971 2560 provincia
2010 2495 2092 2543 vel
2130 2493 2364 2543 sententia
2406 2494 2539 2556 Reg.
2585 2492 2689 2541 due

479 2556 651 2608 Oxou.
674 2559 779 2607 vid.
802 2559 1020 2608 Herald.
1043 2565 1151 2609 not.
1177 2559 1227 2609 in
1252 2561 1538 2610 Minucium
1578 2577 1630 2625 p.
1655 2565 1703 2610 ⁷.
1729 2561 1814 2610 ed.
1840 2560 1986 2610 Leid.
2010 2560 2355 2609 Elmenhorst.
2379 2564 2434 2607 et
2455 2556 2686 2621 Agapet.

476 2623 977 2675 admonit.41.-—2lo
994 2624 1104 2674 Non
1112 2627 1256 2688 pudet
1275 2633 1496 2690 quatuor
1506 2627 1656 2676 Vatt.
1668 2625 1783 2675 Pal.
1797 2628 1950 2676 Farn.
1969 2624 2404 2690 Pric.Exc.Ia42ti.
2429 2623 2533 2671 Nee
2545 2622 2690 2685 pudet

478 2687 623 2738 Leid.
639 2704 743 2739 sec.
769 2689 901 2739 Num
918 2691 1063 2754 pudet
1084 2692 1280 2740 Mazar.
1321 2692 1431 2739 Non
1448 2693 1603 2755 pudor
1628 2691 1801 2743 Oxou.
1837 2706 1918 2756 pr.
1948 2692 2076 2750 Num
2095 2692 2246 2755 pudor
2268 2687 2480 2739 volebat
2504 2687 2690 2752 Heius.

475 2753 634 2802 venire
659 2755 886 2804 Florent.
925 2756 1027 2805 inc.
1062 2755 1247 2806 Heius.
1273 2756 1419 2804 Leid.
1444 2772 1526 2821 pr.
1546 2756 1695 2806 Med.
1723 2763 1844 2808 tert.
1869 2758 1998 2806 Exc.
2019 2758 2239 2806 Lucens.
2273 2769 2377 2804 sec.
2413 2754 2543 2801 item
2564 2752 2687 2804 Var-

474 2816 584 2866 LL.
609 2833 639 2866 e
664 2833 826 2881 marg.
851 2820 1026 2869 Patrn.
1051 2820 1213 2871 Gesn.
1236 2821 1322 2870 ed.
1346 2821 1562 2885 Bipont.
1601 2829 1656 2871 et
1690 2822 1894 2886 Koenig.
1931 2822 2126 2871 voeuisse
2145 2821 2270 2870 Vat.
2296 2818 2463 2869 Livin.
2486 2816 2691 2866 veniisse

477 2881 584 2931 duo
604 2883 751 2934 Vatt.
776 2883 891 2934 Pal.
929 2887 1083 2935 Farn.
1111 2886 1261 2935 Rott.
1293 2886 1452 2935 venire
1478 2887 1562 2937 vel
1598 2887 1775 2936 venisse
1797 2889 1919 2936 Vat.
1964 2900 2042 2949 pr.
2077 2886 2161 2934 sub
2198 2882 2371 2935 hasta?
2402 2898 2521 2932 cum
2565 2888 2689 2931 nota

473 2944 912 3013 interrogationis,
934 2952 1129 3000 Mazar.
1151 2951 1236 3000 sub
1258 2952 1442 3000 hostem
1468 2952 1749 3003 Pat.—211
1784 2952 2047 3002 Vendentes
2069 2949 2215 3000 Med.
2241 2954 2409 3014 quart.
2434 2947 2690 2997 Vende-uis

476 3011 580 3061 duo
620 3013 768 3063 Vatt.
806 3015 935 3063 Exc.
978 3016 1133 3065 Laeti.
1177 3015 1439 3065 Rubenius
1496 3018 1570 3066 ita
1608 3016 1897 3081 distinguit,
1962 3016 2220 3066 Vendentis
2268 3030 2327 3065 e.
2359 3014 2558 3077 pudeat,
2607 3011 2690 3076 qui

458 3074 596 3138 jure,
638 3080 719 3139 ξιτ.
759 3081 878 3141 quod
908 3080 1020 3140 jure
1057 3086 1163 3130 tres
1188 3082 1337 3131 Vatt.
1379 3082 1497 3133 Pal.
1539 3083 1697 3131 Fam.
1722 3082 1862 3133 Pric.
1891 3080 2054 3130 Oisel.
2091 3081 2206 3144 quid
2244 3079 2444 3130 Mazar.
2481 3078 2566 3141 qui
2606 3077 2687 3126 vel

473 3156 564 3204 quo
581 3141 695 3202 jure
715 3145 836 3192 Vat·
862 3158 943 3207 pr.
980 3160 1047 3193 m.
1089 3160 1169 3209 pr.
1196 3147 1321 3195 Exc.
1344 3147 1499 3196 Laeti.
1532 3146 1645 3209 quid
1682 3147 1763 3197 vel
1797 3163 1885 3211 quo
1906 3146 2115 3211 legebat
2140 3145 2400 3195 Heinsius.
2428 3144 2581 3192 deest
2602 3141 2686 3192 hio

474 3219 652 3256 versus
691 3209 988 3258 Flor.—2ll
1020 3215 1263 3274 potentum
1287 3213 1368 3260 vel
1405 3213 1635 3275 sepultum
1656 3212 1832 3262 Oxou.
1855 3215 2128 3261 sem-212
2161 3210 2282 3271 jura
2295 3211 2418 3258 Vat.
2434 3223 2547 3257 sec.
2571 3207 2684 3256 Pal.

474 3269 622 3321 Med.
659 3288 738 3335 pr.
776 3289 890 3323 rura
921 3275 1021 3339 leg.
1048 3274 1227 3325 Heius.
1263 3276 1502 3326 distrahat
1544 3276 1669 3328 Put.
1705 3277 1914 3340 possidet
1952 3276 2054 3326 inc.
2102 3276 2285 3324 Heius.
2324 3274 2559 3322 distrahit
2603 3272 2687 3321 vel

469 3336 681 3386 destruit
715 3339 836 3388 Vat.
878 3353 959 3402 pr.
1003 3340 1210 3389 detrahit
1254 3341 1337 3389 vel
1380 3342 1586 3391 destruit
1621 3342 1816 3392 Moret.
1858 3345 2128 3392 sem—213
2166 3341 2428 3389 Pallentem
2461 3339 2498 3391 J
2503 3352 2592 3389 un.
2634 3342 2689 3386 et

473 3400 645 3457 Oxou.
670 3417 750 3467 pr.
776 3405 988 3453 Drusum
1032 3419 1126 3469 pro
1153 3406 1361 3455 Croesum
1381 3408 1505 3455 Vat.
1532 3421 1611 3470 pr.
1648 3422 1718 3457 m.
1751 3422 1831 3471 pr.
1869 3408 1996 3456 curis
2030 3420 2128 3470 pro
2153 3405 2274 3469 Cyri
2290 3404 2415 3456 Jun.
2436 3406 2686 3467 pre-²14
2764 3439 2775 3452 .

437 3474 445 3481 ‘
472 3465 525 3516 in
548 3467 776 3518 Eunucho
810 3469 1018 3521 Tholos.
1047 3470 1227 3535 flueret
1261 3472 1384 3522 Vat.
1423 3486 1503 3536 pr.
1536 3472 1660 3523 Jun.
1705 3478 1762 3522 et
1796 3473 1966 3524 Oxou.
1991 3474 2236 3537 pre—216
2264 3469 2531 3536 proscripto
2566 3467 2697 3518 Pst.

1476 3633 1689 3685 NOTAE

536 3781 636 3827 206
671 3781 983 3846 Communes}
999 3781 1130 3832 Vult
1152 3782 1402 3848 quasdam
1425 3795 1538 3833 esse

472 3859 622 3903 notas
645 3856 900 3920 publicas,
917 3857 1098 3921 quibus
1114 3864 1290 3921 posset
1312 3858 1539 3907 vendere

474 3931 678 3993 omnia;
712 3934 890 3997 sicque
913 3935 1111 3983 solatur
1145 3949 1221 3998 se,
1257 3935 1343 3999 qui
1379 3935 1538 3986 toties

474 4005 601 4056 alias
622 4008 866 4059 venditus
890 4017 987 4059 est.

539 4086 637 4134 210
670 4087 784 4135 Non
815 4086 986 4151 pudet]
1023 4087 1245 4153 Antiqui
1284 4103 1368 4138 res
1400 4089 1537 4139 male

471 4164 813 4215 succedentes
837 4167 955 4216 Diis
978 4168 1378 4231 exprobrabant.

536 4240 636 4289 Sub
656 4242 818 4306 hasta]
872 4245 954 4293 Ex
977 4258 1119 4294 more
1141 4245 1289 4296 hasta
1304 4244 1540 4312 praefixa,

474 4330 577 4385 res,
591 4317 730 4370 servi
750 4320 1126 4375 vendebantur.

1683 3788 1777 3834 211
1802 3783 2096 3848 ·Sepultum]
2150 3783 2344 3833 Servus
2377 3782 2509 3846 jure·
2545 3779 2687 3831 civili

1618 3867 1869 3924 mortuns,
1892 3866 1949 3910 ut
1970 3860 2059 3927 qni
2080 3866 2163 3910 est
2203 3859 2256 3909 in
2289 3859 2487 3908 domini
2510 3864 2686 3925 potes·

1618 3942 1748 3987 tate.
2419 3943 2425 3950 “

1681 4018 1778 4064 ²13
1812 4013 1963 4077 Solio]
2029 4012 2292 4077 Imperio:
2348 4012 2552 4077 siguum
2588 4025 2683 4078 pro

1618 4105 1677 4140 re
1701 4091 1920 4152 signata.

1681 4169 1779 4216 214
1816 4167 2035 4216 Pactolus
2054 4171 2104 4216 et
2124 4164 2356 4229 Hm]
2389 4166 2561 4215 Fluvii
2594 4180 2681 4217 au·

1617 4241 1763 4293 riferi
1808 4242 1952 4293 Asiae
1997 4244 2222 4307 minoris,
2245 4242 2467 4306 Lydiam
2502 4244 2680 4304 Creu?

1618 4325 1889 4385 regnatam
1920 4321 2193 4373 alluentes.
