2925 4928
160 1540 163 1545 ·
254 1522 387 1572 ribus
401 1522 775 1587 famulantibus,
795 1542 851 1575 ac
874 1527 1120 1575 Persidem
1137 1526 1315 1575 victam
1344 1542 1370 1575 e

936 407 1036 459 nn
1083 409 1197 459 ιιι.
1242 411 1455 463 cons.
1504 413 1790 465 norton.
2333 400 2472 469 223

270 553 423 621 Non
452 553 613 621 ficta
641 552 976 639 trepidare
996 556 1200 641 fuga:
1239 560 1385 644 jam
1416 560 1665 625 Bactra
1693 559 1898 625 teneri

268 655 571 740 LegibuS,
605 663 672 723 et
698 658 964 724 famulis
986 657 1268 742 Gangen
1298 663 1662 746 pallescere
1689 662 1880 746 ripiS,

269 756 785 844 Gemmatosque
813 760 1129 825 humilem
1159 762 1539 846 dispergere
1565 762 1851 827 Persida
1882 763 2125 830 cultus.

266 861 364 927 Ite
390 883 511 948 per
539 870 909 929 extremum
938 864 1226 940 Tanain,
1257 867 1617 949 pigrosque
1646 865 1964 931 Triones:
2337 866 2469 933 205

265 965 364 1030 Ite
393 986 514 1051 per
541 966 879 1031 ardentem
910 966 1240 1051 Libyam:
1288 972 1601 1053 superate
1638 987 1926 1052 vapores

264 1067 463 1147 Solis,
502 1074 571 1133 et
600 1088 876 1134 arcanos
908 1069 1057 1134 Nili
1085 1069 1462 1153 deprendite
1491 1070 1741 1134 fontes,

262 1171 673 1236 Herculeum
701 1171 919 1252 finem,
957 1173 1214 1238 Bacchi
1242 1174 1658 1239 transcurrite
1690 1171 1925 1237 metas.

260 1273 487 1375 Vestri
509 1274 682 1357 juris
712 1277 857 1357 erit,
888 1277 1211 1361 quicquid
1240 1277 1699 1361 complectitur
1727 1278 1903 1340 axis.

257 1457 382 1506 haud
401 1458 624 1508 simulato
640 1477 657 1510 .-
674 1458 783 1520 J'am
816 1475 974 1511 cerno
1008 1461 1193 1510 Baetra
1208 1460 1374 1523 3νὶᾑίσί
1398 1460 1604 1524 Imperio
1619 1466 1811 1523 vestro,
1832 1466 1879 1510 et
1903 1460 2119 1524 Gangem
2137 1461 2315 1525 pallere
2336 1460 2472 1512 litto-
2507 1494 2511 1499 -

1443 1530 1588 1575 naere
1622 1532 1893 1576 ornamenta
1910 1541 2221 1588 gemmarum.
2296 1528 2471 1578 Vadite

252 1602 335 1651 per
361 1589 566 1639 Tanaim
586 1590 821 1652 altimum,
854 1597 901 1640 et
924 1590 1312 1654 Septemtrionem
1374 1593 1582 1654 rigidam
1599 1608 1616 1639 .·
1643 1592 1807 1642 vadite
1826 1607 1912 1655 per
1933 1592 2134 1656 Libyam
2151 1597 2434 1642 «estuantem
2454 1606 2474 1640 ε

257 1655 457 1702 trusite
468 1656 678 1704 calorem
701 1655 849 1717 Satis,
868 1662 915 1706 et
937 1657 1147 1718 detegite
1166 1658 1324 1721 capita
1342 1662 1522 1706 secreta
1546 1657 1672 1706 Nili.
1736 1656 1957 1707 Transite
1979 1657 2201 1706 termium
2229 1658 2475 1718 Herculis,

257 1724 310 1767 et
329 1719 514 1769 &mites
540 1720 742 1771 Bacchi.
805 1722 1041 1786 Quicquid
1057 1724 1255 1771 mandas
1272 1723 1501 1788 eminet,
1519 1723 1611 1772 erit
1631 1727 1800 1772 vestre
1813 1721 2087 1786 potestatis.
2122 1724 2264 1772 Mare
2279 1722 2475 1773 rubrum

1196 1848 1313 1869 0000
1319 1848 1372 1868 ‘O
1379 1847 1493 1867 0000
1499 1848 1557 1867 ‘O

257 1938 436 1989 Flaec.
483 1943 543 1990 ut
583 1941 693 1992 Lib.
734 1957 787 1992 v.
832 1947 947 1994 648.
986 1944 1093 2007 capi
1126 1942 1273 1993 Med.
1315 1946 1606 1992 tert.--202
1638 1943 1825 2005 trepida
1867 1956 1961 2005 pro
1984 1942 2113 2008 fieta
2157 1942 2306 1992 Med.
2345 1946 2472 1991 tert.

259 2004 443 2054 Braeta
458 2006 657 2056 Moret.
682 2013 925 2071 pr.-208
962 2009 1166 2072 Gangen
1200 2008 1377 2058 Ambr.
1422 2022 1529 2056 sec.
1573 2008 1791 2069 Gangem
1838 2007 2065 2057 Florent.
2083 2013 2303 2073 quatuor
2325 2006 2474 2057 Med.

258 2068 378 2119 Pat.
403 2070 535 2135 Reg.
556 2073 761 2124 Thuan.
800 2075 999 2123 Bonon.
1023 2073 1146 2122 Put.
1166 2073 1370 2122 Tholos.
1394 2073 1590 2122 Mazar.
1631 2072 1815 2122 Ambr.
1840 2078 1965 2122 tert.
1988 2079 2095 2122 tres
2121 2074 2302 2123 Petav.
2340 2074 2474 2121 Exc.

261 2135 486 2185 LucenS.
529 2150 612 2200 pr.
650 2145 706 2186 et
735 2137 820 2188 ed.
862 2138 1035 2188 Vicet.
1064 2140 1323 2203 flavescere
1360 2137 1507 2187 Med.
1547 2151 1650 2187 sec.
1681 2138 1942 2202 flavescere
1966 2139 2047 2187 vel
2069 2139 2316 2198 pallescere
2338 2136 2474 2200 Reg.

258 2200 432 2249 nimbis
454 2216 505 2249 v.
525 2202 648 2265 ripis
666 2203 791 2253 Vat.
816 2207 1084 2255 sem—204
1121 2204 1486 2266 Gemmatosque
1507 2204 1684 2252 iterum
1709 2203 1882 2253 Oxou.
1904 2217 2010 2253 sec.
2034 2205 2085 2251 d·
2230 2218 2306 2252 ere
2326 2202 2473 2251 Med.

260 2271 385 2314 tert.
427 2265 479 2314 ai
674 2282 700 2317 e
741 2268 872 2333 Reg.
912 2268 1078 2318 Oisel.
1100 2270 1227 2318 Lov.
1249 2269 1451 2318 Bonon.
1479 2268 1671 2318 Moret.
1698 2282 1802 2317 sec.
1844 2267 1947 2317 duo
1971 2268 2145 2318 Oxou.
2167 2269 2268 2316 duo
2285 2267 2477 2317 Petav-

263 2336 317 2378 et
337 2329 528 2380 Ambr.
550 2333 679 2384 Var.
702 2333 807 2382 LL.
827 2333 911 2383 ed.
932 2333 1219 2383 Ana—205
1256 2334 1336 2383 Ire
1354 2340 1409 2382 et
1431 2334 1714 2396 deprendere
1736 2333 1882 2383 Med.
1906 2347 2008 2381 sec.
2066 2334 2147 2383 Ire
2170 2341 2225 2383 et
2255 2345 2479 2395 superare

261 2394 327 2445 id.
363 2395 516 2445 Med.
550 2411 656 2448 sec.
705 2398 900 2447 Tanaim
930 2399 1075 2450 Med.
1110 2400 1455 2464 quarte—206
1476 2400 1720 2447 ardentem
1756 2398 1936 2447 Zonam
1971 2398 2096 2446 Vat.
2132 2413 2210 2461 pr.
2244 2399 2397 2446 Farn.
2424 2395 2478 2444 in

263 2459 409 2511 Med.
430 2470 605 2526 quart.
624 2461 709 2512 hic
733 2479 910 2513 versus
933 2464 1099 2514 deest.
1139 2469 1352 2514 arentem
1372 2463 1505 2528 legit
1538 2463 1802 2525 Heinsius,
1825 2472 1884 2514 ut
1904 2463 2042 2513 arida
2066 2466 2239 2514 Barce.
2285 2463 2479 2513 Lucan.

263 2525 382 2576 Lib.
408 2540 447 2576 1.
472 2532 590 2588 686,
626 2529 642 2556 ‘
666 2527 837 2578 dubiae
856 2543 1010 2592 super
1031 2544 1240 2593 aequora
1260 2528 1429 2594 Syrtis
1447 2527 1806 2592 Arentemque
1838 2528 1978 2578 feror
1997 2528 2252 2592 Libyam?
2303 2529 2479 2576 calores

261 2589 383 2641 Jun.
430 2596 680 2654 [ηπ-207
711 2595 956 2656 dependite
993 2594 1142 2644 Leid.
1187 2598 1432 2658 piu—208
1466 2593 1650 2642 Bacchi
1688 2593 1835 2643 Med.
1873 2600 2040 2658 quart.
2082 2594 2209 2642 Exc.
2256 2593 2388 2641 Laeti
2423 2598 2482 2640 et

263 2655 486 2707 Lucens.
510 2672 590 2720 pr.
636 2659 813 2708 Braeti
846 2659 964 2709 Pat.
1008 2660 1185 2709 Bactri
1222 2660 1452 2709 Florent.
1497 2673 1566 2707 m.
1603 2672 1680 2721 pr.
1703 2658 1898 2706 Mazar.
1918 2660 2101 2707 incert.
2123 2657 2308 2706 Heius.
2332 2655 2481 2705 Leid.

263 2734 341 2784 pr.
361 2736 429 2772 m.
452 2737 534 2788 pr.
548 2723 676 2773 Var.
702 2723 806 2774 LL.
826 2724 908 2775 ed.
927 2724 1088 2775 Antv.
1107 2731 1163 2775 et
1178 2725 1353 2777 Vicet.
1391 2724 1568 2773 Bactri
1592 2723 1676 2773 vel
1701 2723 1882 2773 Bacchi
1901 2724 2027 2773 Lov.
2045 2723 2310 2787 percurrite
2333 2720 2479 2772 Med.

1260 2879 1311 2929 N
1315 2877 1481 2928 0⁹1¹AE

264 3008 344 3052 est
383 3005 526 3054 enim
563 3006 630 3055 ad
653 3006 816 3071 ripam
838 3009 1011 3074 Tigris
1033 3007 1197 3073 fluvii,
1220 3025 1338 3061 eum
1416 3008 1594 3057 ludem
1631 3008 1940 3060 Maeotidem
1980 3024 2035 3058 se
2073 3023 2380 3071 exonerans,
2398 3023 2486 3058 ex·

266 3088 416 3131 vetus
462 3085 705 3149 Babylon
740 3093 904 3137 staret
936 3089 1001 3137 ad
1031 3089 1196 3152 ripam
1234 3090 1337 3138 Eu·
1419 3090 1615 3135 tremus
1663 3085 1803 3137 Asiae
1847 3093 1903 3136 et
1949 3088 2174 3151 Europae
2214 3086 2485 3148 terminus,

268 3157 505 3224 pbratis,)
553 3161 805 3225 Assyriae,
852 3165 961 3214 sive
1009 3166 1338 3231 Babyloniae,
1417 3164 1635 3213 Dicitur
1658 3163 1829 3227 hodie,
1849 3165 1979 3213 Dan.

268 3234 376 3284 sive
421 3236 686 3287 chaldaeae
732 3240 855 3290 urbs
892 3242 1152 3305 primaria,
1175 3242 1335 3292 admi·
1493 3239 1711 3304 Triones]
1744 3241 1951 3304 Ursam,
1976 3241 2115 3291 sidus
2138 3240 2371 3301 coeleste,
2396 3254 2484 3289 cu·

268 3313 439 3363 randis
461 3315 641 3364 coctili
674 3316 840 3367 latere
873 3320 1032 3369 muris
1074 3320 1335 3371 latissimis
1408 3316 1501 3382 jus
1542 3319 1720 3367 stellas
1753 3318 1987 3381 Triones,
2023 3323 2078 3367 et
2109 3317 2402 3378 Terriones,
2431 3315 2488 3364 id
2545 3369 2552 3378 ‚

270 3402 301 3438 a
320 3389 657 3442 Semiramide
680 3393 910 3444 conditis
932 3396 1138 3447 cincta:
1164 3402 1220 3446 at
1241 3412 1338 3463 per
1417 3401 1519 3456 est,
1554 3394 1745 3457 Boves,
1784 3394 1972 3444 rustico
2022 3393 2271 3443 vocabulo
2305 3394 2487 3456 appel-

268 3464 593 3530 Babylonem
645 3468 895 3535 intelligit
947 3472 1228 3522 Persarum
1282 3480 1338 3523 et
1416 3472 1567 3521 lant:
1604 3473 1780 3536 pigros
1825 3479 2016 3534 autem,
2055 3473 2177 3538 quia
2203 3472 2284 3522 hae
2320 3471 2486 3521 stelloe

270 3540 584 3594 Parthorum
607 3560 769 3610 regna
799 3563 915 3597 esse
953 3549 1246 3613 diripienda
1268 3550 1334 3601 ab
1416 3564 1623 3599 cursum
1662 3565 1808 3599 suum
1855 3550 2130 3600 absolvunt
2174 3550 2348 3598 lente:
2401 3547 2487 3597 hic

271 3616 493 3671 Arcadio
514 3629 572 3672 et
594 3621 849 3674 Honorio.

334 3702 429 3749 202
464 3700 734 3767 Nonfieta]
755 3702 980 3753 Parthus
1004 3704 1141 3753 enim
1164 3701 1338 3769 sugam

270 3773 563 3839 simulabat,
587 3783 644 3827 et
666 3777 910 3842 fugiendo
933 3779 1195 3830 vincebat.

333 3852 542 3917 Baetra]
573 3854 801 3918 Scytbiae
844 3855 1089 3906 Asiaticas
1131 3857 1338 3920 provin-

276 3925 388 3976 cia:
423 3936 508 3978 est
532 3936 590 3978 et
613 3929 737 3980 urbs
765 3931 995 3995 ejusdem
1016 3933 1252 3983 nominiS.

339 4005 431 4053 203
469 4003 704 4068 Gangen]
771 4007 982 4058 Fluvius
1027 4015 1108 4060 est
1146 4007 1338 4059 aurifer

169 4129 175 4134 ,
276 4075 437 4129 India»,
458 4097 471 4129 ι
498 4081 582 4130 hic
607 4081 851 4146 designat
870 4084 1093 4135 Indiam.

338 4159 432 4206 204
468 4157 746 4208 Gemmatos
765 4162 938 4225 cultus]
996 4164 1181 4212 Vestes
1204 4177 1340 4226 gem-

280 4235 454 4294 matas,
476 4247 569 4283 seu
592 4237 805 4298 gemmis
823 4236 1112 4288 distinctas.

341 4309 433 4357 2⁰⁶
472 4309 685 4374 Tanain]
735 4312 920 4363 Tanais
952 4312 1141 4364 fluvius
1163 4315 1216 4364 in
1239 4315 1341 4365 Pa·

1415 3624 1712 3688 significant
1724 3625 2177 3690 Septemtrionem.

1475 3706 1579 3754 206
1610 3701 1836 3766 Libyam]
1868 3700 2154 3751 Ardentem
2182 3699 2380 3750 Africae
2405 3713 2486 3749 re-

1418 3776 1640 3840 gionem,
1663 3791 1951 3840 arenosam,
1971 3776 2306 3826 siticulosum.

1482 3857 1580 3902 2⁰7
1618 3853 1919 3919 Nilifontes]
1951 3852 2093 3902 Olim
2112 3851 2278 3916 ignoti
2303 3856 2486 3901 erant:

1417 3929 1574 3980 hodie
1618 3930 1804 3981 scimus
1850 3930 1979 3980 duos
2006 3944 2120 3980 esse
2161 3928 2270 3979 Nili
2293 3927 2489 3990 fontes,

1417 4008 1557 4057 ultra
1579 4008 1746 4057 lacum
1770 4008 2003 4058 Dambea.

1483 4088 1582 4133 208
1640 4085 1922 4134 Herculeum
1950 4082 2130 4151 finem]
2211 4082 2487 4131 Columnas

1422 4159 1686 4224 Herculis,
1704 4164 2015 4212 constitutas
2032 4159 2097 4208 ad
2115 4158 2307 4207 fretum
2322 4157 2488 4207 Gadi-

1422 4246 1625 4303 tanum,
1653 4256 1742 4291 sen
1761 4242 2098 4292 Herculeum.
2147 4269 2152 4272 -

1484 4317 1669 4367 Bacchi
1690 4318 1863 4380 metas]
1896 4318 1961 4390 {a
1983 4317 2158 4378 India,
2192 4314 2283 4363 ubi
2305 4327 2337 4363 a
2357 4313 2489 4363 Bae·
