2925 4928
949 416 1032 466 m
1079 419 1191 468 cn.
1240 421 1778 476 cLAumANUM.
2365 414 2455 483 21

285 566 443 629 dum.
526 565 695 630 Inde
728 585 1003 650 quoque
1029 566 1277 631 factum
1306 573 1432 645 est,
1462 570 1628 633 utin
1650 571 2064 653 spectaculis
2104 577 2172 637 et
2214 572 2453 657 imma-

284 669 451 730 nibus
501 674 572 743 et
616 669 1086 751 abominandis
1121 688 1294 733 ,cum
1353 671 1711 754 voluptate
1765 674 2100 739 immorari
2131 677 2453 759 videatur,

284 771 610 844 dummodo
663 771 1049 835 Stilichonis
1079 771 1389 838 vindictae
1427 774 1822 840 satisfaciat.
1913 774 2089 854 Quis
2135 780 2309 844 enim
2364 782 2453 845 ab

280 872 682 938 humanitatis
709 894 923 939 sensu.
947 894 1081 941 non
1107 875 1306 958 plane
1338 877 1594 941 alienus
1639 879 1823 943 illam
1854 879 2089 944 Rufini
2131 881 2453 948 dilacera-

281 974 531 1064 tionem,
559 969 878 1058 tanquam
921 976 991 1039 in
1032 976 1265 1043 tabula
1316 979 1500 1060 picta
1544 982 1980 1065 propositam,
2010 984 2155 1046 sine
2183 984 2453 1049 horrore

277 1081 334 1141 et
357 1077 561 1142 oculis
592 1079 1149 1162 irretortispotest
1178 1081 1521 1162 aspicere!
1594 1082 1795 1147 Valet
1822 1090 2040 1147 tamen
2069 1085 2155 1148 ad
2183 1084 2453 1169 poe'tam

277 1199 352 1243 ex
368 1185 560 1262 parte
587 1181 1065 1259 excusandum,
1100 1183 1279 1267 quod
1331 1183 1598 1248 illorum
1626 1185 1987 1264 hominum,
2012 1188 2254 1269 quibus
2284 1190 2451 1255 scri·

274 1281 476 1360 bebat,
533 1285 712 1348 oculi
746 1291 836 1353 „et
881 1286 1085 1349 animi
1140 1285 1643 1351 consuetudinis
1684 1288 1858 1352 callo
1908 1296 2097 1352 erant
2154 1289 2450 1371 obducti,

271 1384 546 1468 nihilque
577 1388 832 1468 gratius
863 1387 947 1451 iis
976 1408 1125 1452 esse
1154 1393 1439 1471 poterat,
1465 1408 1665 1477 quam
1692 1391 1859 1453 iram
1900 1410 2095 1454 suam
2123 1392 2451 1456 ulciscen-

271 1488 449 1572 dique
481 1490 863 1574 cupidinem
895 1492 1233 1575 expletam
1261 1491 1506 1557 videre.
1579 1492 1941 1575 Propterea
1971 1514 2232 1577 quoque
2252 1497 2452 1560 miser

265 1591 362 1656 ille
411 1593 477 1657 in
535 1595 817 1658 frustula
877 1594 1208 1659 dissectus
1266 1602 1332 1663 et
1389 1595 1760 1678 dissipatus
1805 1595 2091 1659 Rufinus
2148 1598 2450 1662 nondum

268 1694 624 1774 dimittitur,
657 1697 787 1763 sed,
806 1697 892 1760 ad
938 1698 1183 1761 inferos
1230 1697 1552 1763 deductus
1598 1718 1823 1783 poenae
1881 1699 2163 1763 traditur
2208 1701 2452 1784 sempi-

266 1802 469 1863 ternae.
562 1797 750 1877 Quid
779 1800 850 1863 in
879 1799 1314 1883 vituperando
1342 1801 1567 1884 possit
1596 1800 1879 1878 efficere,
1932 1801 2189 1865 videtur
2216 1823 2451 1887 exper-

262 1904 353 1964 tus
406 1921 556 1966 esse
605 1903 679 1966 in
728 1903 1014 1967 carmine
1069 1919 1297 1967 xvnl.
1328 1909 1394 1967 et
1446 1919 1611 1981 xx„
1642 1905 1710 1967 in
1763 1905 2002 1987 quibus
2054 1904 2449 1989 Eutropium

263 2005 643 2086 spadonem,
672 2067 674 2070 ,
699 2006 1163 2090 gravissi-mum
1193 2005 1588 2073 Stilichonis,
1627 2007 2099 2083 adversarium,
2146 2027 2448 2073 eversum

262 2108 405 2170 etin
426 2110 707 2173 exilium
739 2117 987 2187 actum,
1006 2111 1076 2193 in
1105 2112 1368 2192 patroni
1393 2110 1498 2174 sui
1522 2109 1800 2192 gratiam
1826 2127 1958 2172 non
1978 2110 2192 2173 solum
2217 2131 2447 2194 aequa·

260 2207 417 2273 libus
469 2213 594 2276 sed
642 2214 843 2277 etiam
889 2216 1175 2297 posteris
1238 2212 1758 2281 abominandum
1814 2211 2082 2276 reddere
2147 2214 2444 2292 tentavit,

260 2330 623 2399 nomenque
651 2317 835 2380 illius
871 2322 1125 2383 aeterna
1151 2316 1427 2381 infamia
1457 2314 1958 2400 aspergendum.
2035 2313 2179 2379 Iste
2207 2315 2447 2381 Eutro-

259 2415 415 2497 piuS,
448 2419 638 2502 quod
682 2422 1018 2490 hactenus,
1053 2418 1421 2485 inauditum
1449 2417 1689 2496 fuerat,
1726 2425 1792 2483 et
1836 2417 2052 2501 spado
2099 2421 2162 2480 et
2190 2418 2445 2506 consul,

261 2519 498 2603 largam
533 2543 697 2588 sane
726 2523 1078 2589 materiam
1103 2523 1543 2610 maledicendi
1584 2522 1885 2608 praebere
1913 2520 2148 2603 potuit,
2180 2522 2448 2585 etiamsi

259 2640 349 2698 res
397 2625 543 2707 ejus
606 2632 817 2707 gestae
863 2646 998 2690 non
1046 2632 1440 2708 magnopere
1497 2624 1781 2688 fuissent
1828 2623 2199 2706 culpandae,
2246 2628 2445 2707 atque

257 2723 421 2789 illam
486 2749 630 2792 rem
686 2730 879 2813 quasi
941 2728 1273 2796 cardinem
1340 2727 1709 2804 constituit,
1761 2726 1846 2816 jin
1899 2746 2034 2810 quo
2091 2731 2468 2818 utrumque-

208 2889 213 2890 γ
258 2847 505 2893 carmen
540 2837 920 2896 verteretur.
1014 2831 1171 2902 Hac
1202 2830 1592 2920 indignitate
1620 2830 1822 2895 veluti
1844 2828 2276 2893 vehementer·
2295 2850 2444 2914 per-

258 2950 482 2996 cussus
515 2934 753 3016 omnia
768 2941 1062 3000 monstra
1102 2941 1170 2998 et
1216 2921 1538 3016 portenta,
1585 2954 1737 3018 quae
1767 2953 2028 3016 semper
2055 2933 2447 3015 gravissima

255 3041 385 3098 sunt
436 3035 676 3100 habita
703 3038 1148 3121 ‘maximeque
1205 3036 1371 3113 dira,
1416 3036 1747 3118 principio
1799 3038 2114 3113 recenset,
2163 3055 2444 3118 quorum

258 3139 458 3201 tamen
499 3139 756 3204 nauum
799 3147 934 3204 tam
967 3140 1218 3217 foedum
1264 3144 1331 3202 et
1375 3139 1663 3202 immane
1702 3138 1919 3215 fuerit,
1964 3158 2166 3221 quam
2212 3137 2446 3207 consul

258 3239 473 3321 spado.
574 3238 779 3306 Omni
808 3240 1050 3305 deinde
1068 3242 1423 3307 *verborum
1453 3240 1748 3322 pondere
1777 3244 1964 3303 utens
1994 3259 2136 3319 eos,
2159 3260 2443 3324 quorum

255 3347 342 3405 est
356 3348 649 3430 monstra
674 3364 1054 3427 procurare,
1089 3345 1512 3428 Deorumque
1532 3342 1699 3425 iram
1723 3347 2039 3420 avertere,
2059 3344 2440 3426 compellat,

255 3451 322 3506 ut
365 3447 732 3530 explorent,
765 3467 919 3531 quae
979 3453 1166 3513 tanta
1223 3446 1572 3511 calamitas
1633 3444 2015 3528 turpissimo
2067 3445 2182 3509 illo
2225 3446 2443 3508 omine

255 3551 698 3628 portendatur,
740 3570 971 3640 ⁸quove
1020 3551 1292 3635 piaculo
1338 3548 1555 3633 possit
1594 3547 1861 3630 depelli.
1951 3544 2124 3609 Cum
2178 3545 2445 3612 fortuna

255 3654 647 3735 expostulat,
678 3653 881 3738 quod,
911 3654 973 3739 si
1019 3654 1285 3730 omnino
1312 3651 1595 3717 voluerit
1644 3668 1913 3714 servum
1938 3647 2160 3713 facere
2203 3668 2444 3715 consu-

254 3749 389 3832 lem,
409 3775 543 3820 non
566 3759 852 3841 probum
882 3764 951 3824 et
975 3758 1172 3839 frugi,
1218 3756 1336 3820 sed
1384 3752 1940 3839 abjectissimum,
1991 3751 2115 3817 sed
2156 3749 2444 3828 infinito-

257 3874 382 3919 rum
408 3859 829 3924 dominorum
860 3860 1153 3943 elegerit,
1202 3859 1320 3942 qui
1360 3877 1493 3922 non
1532 3854 1823 3939 amplius
1851 3852 2073 3930 vendi,
2118 3872 2201 3918 ne
2262 3853 2441 3922 douo

252 3958 507 4050 ‘quidem
553 3962 874 4046 cuiquam
929 3962 1195 4025 obtrudi
1240 3961 1590 4044 potuisset.
1678 3954 1911 4021 Verba
1957 3961 2024 4022 et
2065 3958 2440 4037 sententiar,

256 4062 479 4143 quibus
506 4066 691 4129 ‚haecn
722 4066 1075 4153 expressit,
1123 4062 1510 4148 hujusmodi
1557 4065 1733 4138 sunt,
1777 4066 1855 4125 ut
1881 4058 2334 4126 vehementius
2374 4065 2470 4127 et,

256 4167 799 4233 contumeliosius
840 4169 1005 4239 nihil
1055 4168 1273 4253 possit
1318 4164 1715 4249 excogitari.
1803 4162 2151 4231 Potuisses
2194 4179 2439 4248 expec-

257 4266 405 4346 tare,
425 4270 568 4353 jam
593 4269 1016 4372 satisfactum
1043 4290 1195 4339 esse
1232 4266 1673 4340 maledicendi
1711 4265 1957 4349 officio,
1998 4262 2181 4353 quod
2205 4286 2437 4362 assen-

994 4569 1011 4603 J
