2925 4928
511 393 644 459 ’464
1193 413 1307 461 cu.
1353 412 1780 470 oLAtJmANl
1831 419 2055 492 xvim

515 550 775 620 Ubere:
822 553 1220 641 suscipiunt,
1250 560 1476 625 matris
1499 568 1660 646 post
1686 563 1983 643 viscera,
2000 583 2251 649 poenae.

512 653 807 724 Advolat
834 657 1193 726 Armenius
1221 668 1403 729 certo
1431 680 1746 730 mucrone
1773 669 2027 732 recisos
2080 665 2085 668 Ἴ

511 756 813 823 Edoctus
842 748 1099 827 mollire
1127 783 1366 842 mareS‚
1397 763 1773 852 damnoque
1798 770 2158 835 nefandum

509 861 851 929 Aucturus
881 867 1189 948 pretium,
1218 867 1606 934 foecundum
1634 874 1935 956 corporis
1965 874 2182 957 ignem

512 962 805 1031 Sedibus
835 969 1145 1034 exhaurit
1174 972 1493 1053 geminis:
1538 992 1801 1057 unoque
1832 978 1960 1041 sub
1991 977 2127 1041 ictu
2638 978 2721 1042 50

508 1064 726 1151 Eripit
751 1069 1174 1155 officiumque
1200 1074 1411 1157 patris
1436 1094 1808 1159 nomenque
1834 1080 2078 1144 mariti.

507 1167 884 1256 Ambiguus
916 1176 1075 1240 vitae
1097 1175 1335 1259 jacuit,
1364 1159 1758 1263 penitusque
1788 1201 2169 1266 supremum

507 1272 592 1337 In
622 1278 963 1341 cerebrum
992 1280 1161 1343 secti
1188 1285 1529 1346 traxerunt
1556 1282 1803 1365 frigora
1827 1271 2040 1352 ner'vi.

508 1374 976 1443 Laudemusne
1004 1401 1296 1460 manum,
1330 1404 1486 1468 quae
1516 1385 1696 1450 vires
1726 1389 2006 1452 abstulit
2033 1388 2210 1455 hosti
2229 1390 2262 1454 ‘C

506 1476 616 1542 An
643 1484 867 1563 potius
896 1484 1034 1547 sato
1065 1505 1336 1549 causam
1366 1487 1673 1554 tribuisse
1703 1494 2096 1574 queramur?
2638 1496 2724 1561 55

493 1581 866 1672 ‘Profuerat
893 1590 1218 1652 mansisse
1252 1591 1505 1657 virum:
1549 1593 1809 1659 felicior
1837 1601 2024 1661 extat

504 1682 930 1769 Opprobrio:
976 1691 1260 1755 serviret
1289 1693 1528 1773 adhuc,
1559 1698 1617 1760 si
1646 1696 1871 1762 fortior
1898 1706 2105 1764 esset.

589 1787 753 1853 lude
782 1811 898 1874 per
924 1791 1225 1876 Assyriae
1258 1796 1530 1862 trahitur
1560 1802 1960 1867 commercia
1987 1803 2190 1886 ripae:

502 1889 688 1958 Hinc
718 1893 861 1958 fora
888 1898 1144 1961 venalis
1177 1897 1430 1964 Galata
1460 1902 1736 1967 ductore
1765 1904 2158 1988 frequentat,

497 2074 579 2128 An
611 2079 975 2127 commendemus
1010 2095 1216 2140 manum,
1253 2098 1357 2146 quoe
1392 2084 1604 2147 vigorem
1640 2087 1816 2151 eripuit
1850 2084 2015 2136 hosti?
2069 2087 2150 2137 An
2186 2069 2344 2149 'magis
2379 2101 2735 2149 conqueramur

497 2140 769 2203 ascripsisse
790 2157 977 2192 causam
989 2144 1124 2203 foto.
1187 2148 1504 2200 Praestitisset
1545 2166 1659 2200 eum
1695 2154 1851 2202 virum
1880 2167 2138 2202 remanere.
2206 2152 2524 2204 fortunatior
2546 2159 2631 2202 est
2654 2153 2720 2202 ob

498 2218 641 2254 suam
660 2205 939 2266 infamiam.-
970 2211 1170 2260 serviret
1203 2228 1393 2278 quoque,
1427 2217 1472 2264 si
1510 2218 1743 2267 robustior
1769 2219 1921 2278 foret.
1989 2219 2107 2267 Inde
2142 2218 2334 2281 rapitur
2366 2232 2454 2281 per
2472 2219 2722 2296 *nundinas

1422 2339 1779 2361 “conectet“

498 2428 605 2466 sec.
627 2415 741 2467 Pal.
762 2418 972 2472 TholoS.
995 2422 1124 2472 Exc.
1152 2424 1304 2475 Laeti.
1338 2426 1521 2477 Dedita
1556 2428 1659 2478 duo
1699 2430 1885 2482 Leidd.
1924 2446 2040 2481 cum
2079 2429 2369 2481 octodecim
2405 2428 2546 2492 aliis,
2586 2432 2717 2482 Exc.

495 2480 714 2539 Gevart.
739 2486 957 2536 Lucens.
980 2503 1082 2539 sec.
1108 2489 1192 2540 ed.
1217 2491 1391 2543 Parm.
1416 2500 1473 2543 et
1490 2495 1664 2546 Vicet.
1681 2489 1807 2546 Var.
1831 2499 1937 2546 LL.
1962 2498 2045 2546 ed.
2069 2497 2230 2546 Autv.
2253 2497 2439 2546 Heius.
2466 2496 2639 2546 Gesn.
2665 2506 2719 2547 et

496 2546 582 2597 ed.
607 2548 822 2613 Bipont.
865 2552 1025 2606 Debet
1062 2557 1146 2603 vel
1192 2556 1378 2606 Dedita
1399 2559 1521 2608 Vat.
1562 2575 1642 2623 pr.
1679 2576 1748 2610 m.
1782 2567 1994 2627 prs-'46
2022 2566 2131 2626 post
2166 2562 2338 2610 matris
2373 2561 2562 2611 viscera
2593 2564 2719 2614 Vat.

493 2613 660 2676 quint.
687 2616 826 2666 Prie.
863 2617 1052 2668 Petav.
1092 2635 1173 2683 pr.
1217 2623 1408 2672 Moret.
1430 2639 1533 2674 sec.
1572 2626 1718 2676 Med.
1754 2636 1925 2691 quart.
1959 2628 2154 2677 verbera
2191 2627 2385 2676 Moret.
2409 2641 2491 2689 pr.
2532 2629 2720 2678 viscera

492 2678 578 2726 vel
602 2678 745 2728 ubera
782 2683 928 2734 Med.
965 2699 1071 2735 sec.
1110 2687 1231 2735 Vat.
1272 2694 1530 2739 terh-47
1566 2695 1690 2739 certe
1726 2693 1914 2742 Petav.
1954 2708 2057 2743 sec.
2115 2698 2242 2742 certo
2279 2692 2362 2741 vel
2401 2698 2548 2741 cretoe
2581 2693 2718 2744 Exc.

493 2741 647 2792 Laeti.
670 2747 818 2795 reciso
842 2748 1030 2799 Petav.
1055 2756 1293 2802 sem—48
1327 2755 1450 2802 viros
1475 2754 1651 2804 Ambr.
1678 2762 1914 2807 see—49
1946 2760 2155 2807 Ασίαν-ιω
2177 2758 2385 2807 ΊἸιοΙοε.
2409 2756 2598 2806 Ambr.
2637 2774 2715 2822 pr.

489 2804 618 2857 Put.
640 2810 785 2859 Med.
803 2827 908 2862 sec.
926 2814 1101 2863 Oxou.
1119 2831 1224 2865 sec.
1243 2817 1347 2866 duo
1372 2819 1557 2869 Petav.
1584 2821 1704 2871 Var.
1727 2824 1829 2872 LL.
1849 2825 1931 2872 ed.
1950 2823 2112 2872 Antv.
2133 2824 2306 2884 inguen
2321 2822 2524 2871 TholoS.
2544 2823 2717 2884 ‘ignem

489 2871 619 2927 Put-
646 2873 777 2938 Reg.
798 2878 1000 2929 Thuan.
1025 2880 1227 2931 Mazar.
1251 2883 1452 2934 Bonon.
1478 2885 1597 2948 Pat.
1621 2887 1722 2936 inc.
1762 2888 1948 2937 Heins-
1975 2896 2082 2938 tres
2106 2889 2248 2936 Med.
2275 2888 2492 2937 totidem
2520 2888 2715 2940 Petav.

493 2945 550 2986 et
573 2937 754 2992 Ambr.
780 2943 906 2992 Exc.
944 2945 1161 2994 Luceus.
1187 2961 1266 3009 pr.
1294 2949 1376 2998 ed.
1402 2950 1576 2998 Pan-m.
1603 2960 1659 3001 et
1678 2952 1850 3002 Vicet.
1891 2955 2067 3015 inguen
2087 2955 2168 3001 vel
2190 2954 2349 3014 ignem
2382 2955 2536 3002 Farn.
2562 2954 2712 3004 Prie.

491 3001 641 3052 Rott.
666 3005 1026 3063 Florent.-—-50
1060 3011 1282 3060 exhausit
1322 3014 1451 3078 Reg.
1495 3016 1773 3066 Farn.—-5l
1809 3021 2010 3084 officium
2032 3020 2154 3068 Vat.
2187 3018 2349 3082 quint.
2390 3018 2503 3066 Pal.
2546 3018 2712 3069 Farn.
2807 3034 2817 3046 ·

489 3065 642 3117 Rott.
666 3071 955 3134 qfficiumque
990 3080 1095 3123 tres
1117 3077 1260 3125 Vatt.
1284 3078 1423 3129 Prie.
1448 3080 1614 3129 Oisel.
1639 3082 1766 3143 Reg.
1790 3084 2020 3133 Florent.
2060 3085 2160 3133 inc.
2186 3083 2370 3132 Heius,
2396 3084 2528 3132 Exc.
2548 3084 2713 3147 Laeti,

483 3129 609 3181 Ald.
652 3143 705 3183 et
743 3135 828 3185 ed.
871 3139 1179 3190 Parm.—54
1212 3143 1513 3193 Audemusne
1536 3147 1648 3195 Pal.
1674 3147 2006 3198 Gaudemusne
2028 3151 2147 3198 Vat.
2188 3163 2293 3198 sec.
2326 3150 2500 3197 malum
2522 3147 2711 3200 Ambr.

490 3202 612 3246 tert.
645 3215 834 3250 „tanum
855 3218 958 3266 quoe
985 3207 1064 3253 vel
1101 3208 1257 3268 magis
1281 3209 1390 3272 quia
1412 3211 1542 3263 Exc.
1565 3212 1784 3262 Lucens.
1823 3214 1968 3263 hostis
2000 3215 2099 3264 inc.
2142 3213 2451 3263 Heius-55
2485 3229 2709 3264 caussam

476 3259 590 3322 fato
610 3262 725 3320 Pal,
745 3267 887 3318 Med.
915 3283 990 3331 pr.
1015 3270 1137 3327 Put.
1174 3287 1358 3321 caussas
1378 3276 1500 3324 Vat.
1536 3290 1613 3339 pr.
1650 3286 1704 3337 et
1741 3286 1862 3329 tert.
1890 3280 2052 3328 Oisel.
2087 3280 2319 3329 Florent.
2341 3279 2537 3327 Mazar.
2560 3279 2707 3338 facto

485 3326 609 3377 Pat.
618 3329 800 3389 fovisse
817 3333 959 3383 Med.
976 3343 1145 3398 quart.
1154 3337 1377 3394 feramur
1394 3340 1725 3391 'rhum—56
1758 3349 1877 3392 esset
1891 3345 2019 3394 Exc.
2038 3345 2325 3395 1,aeti.—5⁷
2356 3344 2525 3392 seviret
2546 3346 2706 3394 Farn.

483 3394 689 3449 servitus
713 3397 857 3448 Med.
891 3408 1063 3464 quart.
1072 3401 1259 3460 sortior
1281 3404 1395 3453 Pal.
1415 3408 1649 3467 grandior
1671 3409 1832 3458 Oisel.
1853 3425 1921 3458 m.
1944 3425 2023 3474 pr.
2057 3424 2219 3477 marg.
2241 3410 2564 3473 Isiugr.—59
2600 3410 2707 3463 Hic

1433 3638 1449 3645 ⁴
1490 3575 1703 3633 NOTAE

479 3677 605 3738 ⁴viit;
656 3684 711 3728 et
748 3694 951 3746 novum,
987 3683 1108 3749 quia
1144 3700 1285 3748 saepe
1325 3690 1547 3742 mutavit
1628 3691 1886 3761 facientis,
1935 3713 2142 3747 causam
2184 3697 2390 3747 dedisse
2435 3695 2569 3759 fato,
2613 3698 2698 3747 vel

481 3753 733 3804 dominos,
1143 3792 1148 3813 ;
1626 3785 1832 3820 eausam
1875 3774 2116 3825 extitisse
2159 3773 2276 3838 sati,
2326 3789 2420 3824 seu
2466 3774 2696 3838 turpini.-

543 3835 606 3881 45
643 3833 923 3899 Suppliciis]
966 3837 1154 3892 Statim
1195 3845 1354 3904 atque
1391 3851 1544 3894 natus
1625 3849 1757 3897 dinis
1781 3849 1975 3901 fatalis.

479 3914 578 3966 est,
602 3909 800 3971 patitur
822 3927 1040 3975 poenam.
1443 3938 1444 3941 ¹
1689 3930 1752 3974 5⁷
1787 3927 1847 3975 Si
1868 3927 2076 3992 fortior]
2111 3929 2237 3992 EJus
2259 3927 2582 3980 effoeminata
2604 3931 2691 3980 im·

542 3988 606 4033 54
640 3986 866 4050 Manum]
924 3990 1054 4040 Qnae
1100 3992 1410 4058 Eutropium
1466 3995 1541 4052 fa·
1623 4002 1880 4052 becillitas
1903 4004 2028 4054 facit
2052 4020 2119 4054 ne
2137 4007 2349 4068 serviat,
2370 4007 2552 4073 sicque
2574 4023 2691 4059 eum

476 4059 620 4111 ciens
638 4062 960 4128 Eunuchum,
982 4068 1081 4131 ipsi
1098 4071 1294 4134 eripuit
1313 4073 1540 4136 vigorem
1622 4095 1717 4129 sua
1739 4081 2021 4144 ignominia
2043 4081 2247 4132 felicem
2272 4083 2519 4134 reddidit.

478 4138 696 4190 virilem.
1433 4193 1439 4200 .
1685 4161 1751 4206 58
1782 4157 2022 4221 Assyria]
2053 4159 2293 4209 Trahitur
2311 4160 2362 4209 in
2387 4161 2573 4210 urbem
2591 4162 2686 4214 Bas

482 4244 494 4254 -
540 4221 603 4265 55
638 4218 864 4283 Ansato]
896 4221 982 4271 An
1021 4239 1397 4290 conqueremur
1436 4243 1540 4280 ma·
1621 4232 1883 4297 bylonem,
1917 4249 2034 4298 quae
2058 4241 2143 4285 est
2178 4236 2552 4291 nobilissimum
2589 4253 2701 4291 amr

473 4305 595 4355 num
618 4294 892 4361 Mangouis
910 4299 1218 4366 Eutropium
1236 4305 1546 4362 Eunuchum
1596 4307 1824 4375 ‘perium
1850 4311 1904 4361 in
1926 4309 2167 4377 Assyria.
