2925 4928
786 442 868 494 m
915 443 967 490 1.
1013 439 1223 489 cous·
1268 438 1596 487 s'rimcn.
1643 437 1789 485 mn.
1832 437 1886 485 1.
2324 419 2457 494 595

253 591 448 678 AEgra
476 594 683 675 caput
711 588 954 653 mediis
985 585 1196 651 erexit
1225 584 1502 651 Graecia
1528 585 1841 666 fiammis,

252 696 542 769 Plurima
563 691 959 757 Parrhasius
988 694 1146 754 tunc
1165 688 1335 775 inter
1364 706 1651 770 corpora
1679 687 1915 752 Ladon
2322 685 2453 754 185

246 798 486 875 Haesit,
532 799 599 860 et
623 793 926 877 Alpheus
954 789 1216 856 Geticis
1245 795 1564 872 angustus
1595 792 1857 881 acervis
2269 786 2277 793 ’
2448 791 2456 796 ’

249 900 527 965 Tardior
557 898 643 963 ad
672 895 944 962 Siculos
975 895 1331 958 ‘etiamnum
1360 892 1573 975 pergit
1603 897 1885 958 amores.

248 1001 564 1066 Miramur
592 999 840 1065 rabidis
868 998 1127 1061 hostem
1159 995 1586 1058 succumbere
1613 995 1833 1074 bellis,

199 1149 203 1154 «
248 1105 409 1170 Cum
441 1104 587 1167 solo
620 1109 865 1167 terrore
891 1100 1134 1162 ruant‘t
1184 1096 1370 1160 Num
1399 1097 1686 1163 classica
1718 1098 1998 1163 Francis

243 1206 640 1274 Iiit'ulimus‘i
686 1203 731 1267 J
738 1220 979 1266 acuere
1002 1204 1245 1263 tamen.
1339 1198 1528 1262 Num
1560 1199 1781 1263 Marte
1810 1199 2072 1265 Suevos
2319 1200 2452 1266 190·

246 1308 704 1384 ContudimuS,
749 1306 903 1389 quis
927 1304 1083 1389 jura
1112 1302 1351 1366 damus
1376 1302 1405 1363 ‘t
1501 1299 1674 1378 Quis
1705 1302 1969 1367 credere
2000 1302 2267 1385 possit?
2403 1305 2414 1311 ”

242 1410 410 1476 Ante
443 1412 674 1475 tubam
697 1408 894 1472 nobis
922 1404 1151 1470 audax
1183 1403 1548 1467 Germania
1578 1405 1803 1470 servit.
2051 1413 2054 1418 ⁴

241 1512 513 1592 Cedant,
546 1513 795 1591 Druse,
828 1510 948 1587 tui,
981 1508 1242 1586 cedant,
1270 1502 1582 1591 Traiane,
1614 1507 1900 1575 labores.

138 1691 143 1694 ²
244 1673 454 1736 Graecia,
474 1673 776 1734 resuscitata,
813 1675 861 1720 te
891 1670 1163 1733 dimicante,
1197 1668 1387 1718 sustulit
1410 1674 1550 1731 caput
1572 1684 1639 1718 ex
1659 1668 1850 1732 ignibus
1879 1669 2059 1719 mediis.
2131 1672 2252 1721 Tum
2284 1670 2452 1721 Ladon

243 1729 505 1790 Jrcaaieas
545 1738 759 1786 constitit
796 1736 922 1786 iuter
950 1737 1100 1784 multa
1138 1737 1386 1794 cadavera,
1415 1740 1462 1783 et
1485 1734 1693 1801 Alpheus
1729 1740 1941 1784 arctatus
1972 1737 2170 1785 cumulis
2200 1735 2454 1797 Getarum,

240 1804 364 1853 redit
386 1804 534 1852 etiam
552 1802 723 1851 lentior
741 1802 805 1851 ad
820 1815 1002 1850 amores
1022 1798 1298 1849 Arethusae
1319 1797 1511 1850 Siculoe.
1578 1798 1665 1848 An
1680 1798 2041 1863 obstupescimus
2058 1801 2233 1850 hostem
2250 1801 2456 1902 ‹appr-imi

234 1867 419 1932 proeliis
440 1867 680 1927 violentis,
699 1881 805 1916 cum
827 1867 1042 1914 vincatur
1072 1866 1166 1913 solo
1200 1860 1410 1927 pavore?
1447 1864 1577 1913 Num
1609 1864 1872 1913 indiximus
1904 1865 2029 1914 bella
2048 1865 2273 1916 Francis.
2323 1865 2456 1916 Victi

238 1937 347 1981 suut
369 1937 548 1982 tamen.
616 1932 748 1980 Num
775 1930 1061 1994 perculimus
1086 1944 1250 1993 pugna
1271 1928 1442 1994 aliqua
1465 1928 1660 1991 Suevos,
1680 1929 1843 1993 quibus
1862 1930 2143 1993 imponimus
2163 1927 2324 1993 leges?
2359 1930 2455 1980 Ec-

240 1998 341 2061 quis
357 1998 511 2061 possit
532 1992 762 2046 credere?
799 1994 1061 2043 Germania
1088 1994 1298 2043 animosa
1316 1992 1587 2052 famulatur
1622 1994 1756 2042 nobis
1790 2000 1901 2043 ante
1927 1996 2166 2058 praelium.
2237 1996 2457 2045 Victoria

241 2068 337 2111 tuce
354 2064 524 2113 cedant
548 2060 777 2113 victoriis
798 2058 1112 2123 Stilichonis,
1136 2073 1167 2109 o
1190 2058 1368 2121 Druse,
1389 2063 1436 2107 et
1461 2063 1584 2121 tuae,
1613 2073 1645 2107 o
1684 2058 1900 2120 Traiane.
1968 2060 2456 2125 Quicquidsortitudo

1164 2165 1526 2187 OOOOOOOOO‘OO

238 2243 377 2306 quod,
395 2242 484 2291 vel
505 2256 595 2305 que
629 2239 802 2290 Oxou.
839 2241 1081 2303 ρι.-184
1100 2237 1319 2303 flammis
1347 2239 1477 2289 Exc.
1510 2239 1736 2291 Lucens.
1760 2255 1841 2304 pr.
1892 2243 2071 2305 campis
2090 2242 2244 2292 Farn-
2267 2241 2455 2292 Petav.

234 2321 340 2357 sec.
358 2307 464 2357 duo
486 2305 670 2356 Ambr.
689 2306 790 2356 inc.
809 2305 993 2354 Heius.
1021 2303 1102 2353 ed.
1124 2303 1299 2352 Parm.
1321 2309 1379 2353 et
1395 2303 1571 2353 Vicet.
1592 2304 1719 2355 Exc.
1738 2305 1957 2358 Gevart.
1975 2313 2031 2357 et
2050 2306 2269 2358 Schotti.
2307 2307 2457 2371 flani-

236 2372 325 2421 mis
359 2372 444 2421 vel
479 2371 661 2434 campis
692 2372 822 2433 Reg.
855 2369 1000 2418 Med.
1024 2374 1192 2432 quart.
1217 2369 1350 2418 Exc.
1384 2368 1541 2419 Laeti.
1572 2369 1821 2420 Heinsius
1843 2372 2143 2436 conjecerat
2172 2372 2375 2432 damnis,
2396 2375 2458 2419 ut

236 2437 492 2502 scriptum
527 2444 682 2486 antea
715 2434 876 2485 fuerit
913 2434 1307 2497 dampnis.-185
1342 2448 1516 2484 cornua
1549 2436 1633 2484 vel
1662 2451 1857 2500 corpora
1879 2435 2025 2487 Med.
2044 2452 2124 2500 pr.
2172 2436 2309 2486 Lado
2330 2436 2456 2486 Vat-

236 2506 534 2552 tert.—186
569 2501 795 2564 Alphoeus
818 2501 951 2549 Exc.
973 2500 1195 2548 Lucens.
1222 2512 1298 2562 pr.
1332 2499 1579 2562 Enipheus
1603 2500 1684 2551 ed.
1701 2501 1875 2551 Vicet.
1909 2507 2139 2564 augustus
2157 2502 2459 2551 Floreat.-

237 2571 329 2616 187
369 2567 578 2616 Tardius
601 2567 722 2615 Vat.
745 2571 916 2629 quart.
938 2563 1058 2612 Pal.
1080 2563 1225 2613 Rott.
1250 2562 1353 2613 duo
1372 2563 1521 2613 Med.
1542 2565 1741 2614 Thuan.
1765 2565 1956 2616 Petav.
1979 2581 2059 2631 pr.
2083 2581 2149 2616 m.
2172 2582 2250 2631 pr.
2274 2563 2454 2615 Ambr.

233 2645 336 2682 sec.
358 2633 564 2682 Moret.
583 2646 662 2695 pr.
685 2630 718 2681 J
725 2644 807 2678 un.
832 2628 1003 2677 Oxou.
1031 2641 1136 2677 sec.
1158 2642 1228 2678 m.
1252 2641 1330 2690 pr.
1375 2627 1430 2675 in
1452 2627 1637 2676 Siculos
1659 2629 1804 2680 Med.
1830 2645 1938 2680 sec.
1985 2631 2244 2681 etiamnum
2276 2644 2454 2680 omnes

231 2694 377 2746 Vatt.
404 2696 526 2746 Pal.
548 2695 694 2745 Prie.
720 2695 864 2744 Rott.
889 2691 1051 2741 Oisel.
1098 2692 1243 2740 etiam
1274 2706 1368 2740 non
1399 2692 1592 2742 Moret.
1625 2707 1732 2744 sec.
1781 2694 1927 2744 etiam
1944 2711 2068 2745 nunc
2082 2697 2257 2746 Vicet.
2283 2696 2456 2744 Parm-

229 2757 355 2811 Ald.
380 2769 437 2811 et
462 2762 701 2826 ιιι-188
737 2759 955 2807 Miratur
974 2757 1177 2806 Tholos.
1201 2756 1326 2807 Jun.
1360 2771 1441 2819 pr.
1480 2772 1549 2807 m.
1590 2772 1695 2811 sec.
1750 2759 1929 2809 rabidis
1948 2758 2029 2809 ed.
2050 2761 2223 2811 Vicet.
2276 2760 2460 2823 rapidis

234 2840 410 2876 omnes
434 2828 589 2876 Vatt.
628 2824 742 2873 Pal.
780 2824 933 2873 Fam.
966 2821 1109 2870 Pric.
1147 2822 1292 2870 Rott.
1334 2821 1497 2872 Oisel.
1531 2823 1659 2872 Exc.
1700 2824 1853 2874 Laeti.
1907 2825 2061 2874 hostes
2080 2826 2207 2878 Var.
2240 2826 2345 2875 LL.
2369 2820 2457 2876 ed.

231 2886 394 2941 Antv‘.
427 2892 552 2939 alios
574 2903 668 2953 pro
692 2889 868 2936 hostem
892 2886 1084 2935 Mon-et.
1143 2889 1351 2934 r.—189
1383 2891 1494 2935 ruat
1517 2888 1642 2937 Vat.
1660 2893 1781 2938 tert.
1807 2889 1954 2940 Med.
1974 2903 2082 2940 sec.
2128 2906 2243 2941 num
2263 2889 2458 2939 classica

230 2953 355 3005 Vat.
383 2971 466 3019 pr.
492 2956 624 3005 Lov.
652 2953 823 3002 Oxou.
843 2966 922 3016 pr.
942 2952 1071 3014 Reg.
1151 2956 1291 3000 οων.
1314 2964 1418 3000 sec.
1441 2949 1625 3000 Ambr.
1652 2959 1775 3003 tert.
1794 2955 1922 3004 Exc.
1945 2955 2166 3006 Gevart.
2220 2971 2311 3004 non
2332 2966 2459 3019 qua·

228 3018 526 3070 t'uordecim
552 3018 659 3079 am,
705 3018 836 3067 Exc.
870 3018 1088 3066 LucenS.
1128 3030 1207 3078 pr.
1244 3015 1328 3077 ed.
1363 3015 1540 3064 Vicet.
1575 3018 1701 3067 Var.
1736 3018 1845 3069 LL.
1871 3034 1900 3068 e
1924 3035 2084 3082 marg.
2108 3021 2283 3069 Parni.
2338 3035 2462 3069 nunc

228 3084 363 3135 Exc.
388 3086 552 3135 Laeti.
603 3098 686 3132 nec
707 3083 832 3130 Vat.
855 3094 958 3130 sec.
984 3080 1099 3129 Pal.
1129 3080 1492 3130 Manu-19⁰
1526 3083 1705 3131 latuere
1721 3083 1863 3132 Prie.
1889 3085 2035 3134 Rott.
2060 3086 2228 3136 Oisel.
2261 3084 2464 3146 jacuere.

230 3151 315 3199 vel
336 3152 528 3200 latuere
548 3148 673 3198 Vat.
708 3152 880 3212 quart.
931 3160 1041 3194 num
1062 3145 1185 3195 Vat.
1226 3160 1307 3208 pr.
1347 3152 1404 3194 et
1439 3152 1565 3196 tert.
1591 3148 1734 3196 Prie.
1756 3150 2229 3213 Reg.Petav.·sec.
2273 3149 2458 3199 Ambr.

228 3219 354 3266 tert.
375 3216 514 3265 Lov.
539 3214 712 3263 Oxou.
751 3225 829 3273 pr.
856 3211 985 3260 Exc.
1010 3210 1228 3259 Gevart.
1281 3225 1365 3259 nec
1399 3211 1515 3260 Pal.
1565 3227 1656 3260 non
1692 3213 1921 3263 Florent.
1963 3229 2080 3263 cum
2121 3215 2302 3276 viginti
2326 3210 2484 3277 a‘iiis,

227 3279 362 3332 Exc.
389 3280 536 3329 Laeti
559 3285 615 3327 et
639 3279 862 3327 LucenS.
883 3290 962 3338 pr.
988 3273 1071 3322 ed.
1098 3275 1268 3323 Parm.
1293 3282 1349 3322 et
1370 3275 1542 3326 Vicet.
1591 3292 1684 3325 uon
1715 3283 1867 3326 marte
1903 3280 1985 3327 vel
2012 3279 2113 3328 sine
2149 3281 2312 3328 Marte
2330 3278 2457 3329 Jun.

228 3359 311 3408 pr.
369 3360 458 3394 nos
484 3344 653 3392 Marte
674 3341 857 3405 Isingr.
879 3340 1027 3390 Juut.
1053 3339 1254 3402 Gryph.
1302 3345 1450 3388 morte
1473 3339 1615 3388 Med.
1641 3347 1966 3404 quart—191
2008 3345 2299 3393 contulimus
2335 3345 2458 3393 Vat.

226 3422 306 3472 pr.
347 3425 420 3459 m.
458 3422 545 3472 pr.
583 3408 667 3471 qui
707 3413 763 3455 et
794 3406 917 3468 quod
937 3405 1055 3465 jura
1084 3402 1313 3476 exhibet.
1365 3403 1509 3452 thura
1545 3406 1851 3455 Rota—192
1884 3409 2019 3456 tubas
2039 3408 2228 3457 Petav.
2250 3423 2328 3471 pr.
2352 3409 2460 3457 duo

225 3475 379 3525 Vatt.
429 3473 577 3523 cessit
600 3470 742 3522 Prie.
787 3469 938 3519 servis
973 3470 1126 3517 Farn.
1179 3472 1324 3516 servit
1357 3469 1440 3517 vel
1474 3470 1612 3519 cessit
1639 3470 1811 3520 Oxou.
1849 3476 2091 3537 plu—193
2129 3476 2311 3523 Cedunt
2338 3474 2458 3524 vat.

1243 3603 1292 3653 N
1300 3602 1455 3653 01*AE

248 3746 253 3751 ·
291 3730 390 3775 185
428 3722 731 3774 Parrhasius
763 3720 951 3782 Ladon]
983 3719 1195 3768 Fluvius
1218 3717 1313 3767 Ar-
1390 3720 1569 3784 plures
1609 3724 1844 3797 nationes
1877 3726 2094 3774 nominis
2124 3726 2200 3776 sui
2237 3721 2455 3792 terrore,

224 3802 416 3865 cadiae,
462 3800 644 3850 dictus
679 3797 1004 3858 Part-hasim,
1043 3795 1164 3861 qnia
1189 3794 1312 3844 olim
1392 3812 1546 3862 quam
1570 3798 1825 3850 armorum
1851 3803 1918 3866 vi,
1937 3802 2158 3867 subegit.

223 3876 464 3929 Arcadia
490 3875 774 3924 dicebatur
801 3873 1081 3922 Parrhasia.
1462 3877 1693 3940 Classica]
1727 3879 1906 3930 Bella:
1935 3880 2134 3945 signum
2153 3896 2245 3947 pro
2270 3896 2325 3931 re
2357 3881 2459 3946 sig.

288 3961 393 4006 186
444 3954 690 4018 Alpheus]
748 3952 956 4001 Flavius
1002 3950 1186 4013 Eudis,
1227 3948 1314 4014 qui
1394 3959 1534 4002 nata.
1600 3954 1688 4005 Sic
1711 3961 1765 4006 et
1788 3962 1898 4006 ante
1927 3958 2103 4022 tubam,
2127 3958 2178 4007 id
2212 3966 2312 4022 est,
2335 3967 2459 4008 ante

219 4048 321 4099 per
337 4033 726 4083 subterraneos
750 4036 950 4078 meatus
972 4028 1161 4077 dicitur
1178 4024 1315 4075 *flue-
1395 4027 1609 4079 bellum.

220 4123 280 4158 re
301 4109 373 4159 ad
394 4107 724 4158 Arethusam
741 4105 937 4154 fontem
955 4103 1315 4153 Siciliae:·hine
1460 4113 1558 4158 190
1591 4109 1789 4177 Suevos]
1836 4114 2066 4179 Populos
2106 4114 2172 4164 ad
2212 4129 2325 4164 oras
2351 4115 2461 4165 Da-

219 4186 398 4252 potitis
445 4183 796 4235 celebrantur
840 4181 1034 4246 Alphei
1087 4187 1143 4230 et
1186 4178 1316 4229 Are·
1394 4187 1559 4236 flubii,

221 4264 396 4321 thusoe
422 4274 655 4312 amores.
1242 4279 1247 4283 ⁴
1461 4257 1554 4302 198
1593 4255 1775 4321 Druse,
1816 4256 2041 4322 Trajaue]
2071 4259 2275 4308 Drusus
2309 4256 2460 4321 pater

287 4343 391 4390 189
431 4335 669 4402 Terrore]
703 4336 878 4387 Instar
899 4333 1206 4400 Alexandri,
1224 4333 1311 4402 qui
1394 4329 1713 4399 Germanici,
1757 4340 1812 4386 et
1860 4336 2462 4402 Traianus-Imperator,

1629 4536 1658 4559 Q
