2925 4928
503 361 637 430 418
1203 380 1319 429 οι..
1367 381 1793 433 οιΑυυιΑΝι
1842 384 2028 435 xvi.

506 532 657 600 Nec
685 538 750 598 te
776 532 957 599 sama
982 538 1189 612 vetat,
1220 556 1383 601 vero
1411 556 1612 621 quam
1638 536 1890 602 celsius
1920 542 2141 603 actam

591 637 726 704 Vel
752 658 1059 704 servasse
1084 639 1297 718 labor,
1328 641 1440 705 vel
1468 642 1790 705 minuisse
1820 640 2080 725 pudor?

505 738 621 808 An
647 741 769 805 tibi
799 743 1132 807 continuis
1163 744 1378 808 crevit
1402 743 1650 808 fiducia
1678 743 1920 825 castris
1939 744 1970 807 ‘l
2663 750 2705 811 5

588 842 896 928 Totaque
915 845 1060 927 jam
1088 847 1268 910 vatis
1299 854 1580 930 pectora
1606 846 1797 910 miles
1821 846 2020 910 habet
2043 847 2073 909 'l

507 945 819 1013 Culmina
847 948 1143 1014 Romani
1172 949 1720 1035 majestatemque
1750 948 2062 1029 Senatus,

591 1050 705 1129 Et,
738 1052 980 1134 quibus
1012 1052 1274 1117 exultat
1303 1051 1557 1130 Gallia,
1585 1072 1782 1117 cerne
1811 1052 2019 1116 viros.

461 1251 466 1255 ·
501 1233 765 1298 primores?
800 1236 960 1299 Neque
968 1235 1109 1295 fama
1123 1235 1336 1299 prohibet
1357 1240 1421 1296 te,
1443 1250 1582 1299 quam
1603 1234 1793 1285 famam
1816 1234 2007 1337 difficile
2027 1239 2118 1297 est,
2139 1239 2223 1284 aut
2243 1250 2514 1286 conservare
2534 1237 2707 1288 elatam

491 1299 599 1361 ,iam
616 1300 761 1349 altius
777 1302 942 1349 merito
962 1309 1070 1362 tuo,
1090 1306 1174 1350 aut
1192 1303 1453 1364 pudendum
1475 1306 1546 1350 est
1566 1301 1843 1350 imminuere
1856 1339 1869 1352 .
1913 1301 1993 1350 An
2012 1300 2295 1365 confidentia
2330 1307 2469 1351 aucta
2497 1308 2568 1352 est
2603 1304 2712 1366 tibi,

504 1379 538 1416 o
561 1366 730 1425 Musa,
750 1365 886 1415 bellis
904 1367 1121 1429 assiduis,
1139 1373 1187 1415 et
1211 1366 1427 1415 audacia
1447 1366 1618 1415 militis
1631 1366 1837 1429 possidet
1847 1364 1956 1425 jam
1976 1370 2126 1415 totum
2147 1367 2356 1415 animum
2373 1366 2546 1429 poe'toe.
2614 1369 2709 1418 As-

495 1429 605 1494 pice
622 1431 993 1492 magnitudinem
1027 1436 1075 1481 et
1111 1432 1403 1494 majestatem
1427 1431 1591 1481 Curiae
1622 1431 1864 1496 Romam,
1885 1436 1932 1480 et
1966 1430 2109 1496 viros,
2140 1431 2308 1495 quibus
2335 1432 2500 1481 Gallia
2537 1432 2709 1483 trium-

1429 1580 1517 1600 OOO
1521 1580 1606 1600 000
1611 1580 1784 1600 ‘0000‘

502 1672 593 1726 lib.
615 1686 779 1723 xvm.
799 1688 915 1739 cap.
940 1676 1032 1726 ult.
1099 1676 1344 1741 Ejusdem
1371 1682 1629 1741 tamquam
1654 1676 1933 1728 Christiani
1953 1675 2188 1730 meminit
2211 1676 2260 1725 in
2283 1675 2414 1739 libro
2437 1677 2717 1726 Retracta-

504 1742 719 1801 tionum,
741 1739 830 1789 ubi
868 1741 1001 1790 citat
1034 1740 1219 1790 librum
1254 1742 1512 1791 Theodori
1550 1746 1609 1791 de
1653 1743 1769 1793 Vita
1804 1743 1956 1793 beata.
2023 1741 2242 1804 Gyrald.
2265 1740 2518 1791 Theodori
2544 1738 2714 1791 Praef.

502 1805 665 1856 Praet.
689 1806 881 1855 mentio
905 1813 985 1854 est
1021 1806 1073 1854 in
1113 1808 1238 1857 Cod.
1267 1808 1524 1856 Tbeodos.
1555 1822 1606 1870 p.
1627 1812 1745 1857 488.
1776 1817 1832 1857 et
1866 1813 1986 1858 489.
2069 1808 2134 1857 In
2156 1808 2350 1857 Moret.
2372 1821 2452 1870 pr.
2473 1805 2715 1869 sequitur

502 1871 586 1922 hic
611 1871 962 1935 Panegyricus
994 1879 1111 1935 post
1132 1872 1537 1935 Epithalamium
1563 1872 1815 1934 Houorii3
1863 1874 1917 1922 in
1939 1873 2135 1923 Moret.
2175 1887 2281 1922 sec.
2316 1878 2433 1933 post
2453 1871 2715 1923 Quartum

505 1936 663 1986 Cana.
705 1936 939 1986 Honorii.
1026 1937 1272 1986 Rottend.
1294 1938 1470 2000 habet,
1504 1938 1830 2003 Panegyricus
1850 1939 2004 1988 dictus
2027 1938 2267 1987 Theodoro
2291 1936 2501 1987 Consuli.
2582 1937 2714 1985 Vat.

502 2016 581 2065 pr.
606 2000 787 2062 Incipit
806 2003 866 2049 de
889 2002 1150 2050 Consulatu
1169 2003 1346 2051 Manlii
1374 2003 1622 2052 Tbeodori.
1666 2004 1719 2051 iu
1741 2006 1864 2053 Vat.
1889 2010 2016 2053 tert.
2037 2009 2166 2065 erat,
2190 2002 2333 2052 Liber
2355 2003 2432 2051 Cl.
2453 2001 2717 2050 Claudiani

503 2068 562 2116 de
580 2069 779 2115 secundo
808 2066 970 2115 Mallii
991 2066 1218 2115 Theodori
1245 2068 1516 2117 Consulatu.
1557 2068 1811 2131 Praefatio.
1878 2068 2026 2119 Leid.
2050 2083 2129 2132 pr.
2151 2081 2350 2133 quoqne
2371 2067 2608 2128 exhibet,
2635 2065 2719 2115 Li-

504 2131 587 2179 ber
604 2132 661 2179 de
678 2132 874 2179 secundo
901 2132 1155 2179 Consulatu
1179 2131 1422 2183 fl'heodori.
1479 2133 1533 2181 in
1556 2132 1742 2183 Petav.
1766 2148 1846 2197 pr.
1870 2147 1902 2182 a
1923 2148 1993 2182 ιιι.
2016 2147 2098 2196 pr.
2115 2140 2251 2193 erat,
2271 2132 2414 2181 Liber
2433 2134 2491 2181 de
2510 2133 2718 2180 secundo

505 2196 762 2244 Consulatu
775 2195 1020 2245 Theodori.
1088 2197 1320 2259 Prologus
1337 2200 1400 2246 ad
1418 2198 1590 2246 librum
1609 2203 1872 2261 sequentem
1890 2200 1950 2247 de
1969 2199 2165 2247 secemdo
2184 2198 2440 2247 Consulatu
2461 2196 2717 2246 Theodori.

503 2260 623 2309 dein
644 2275 795 2309 manu
822 2260 1038 2321 recenti,
1077 2262 1151 2310 Cl.
1179 2262 1431 2310 Claudiani
1453 2264 1688 2324 Prologus
1708 2263 1761 2312 in
1779 2262 2074 2328 Panegyrim
2097 2264 2275 2312 Manlii
2303 2263 2534 2312 Theodori
2571 2264 2717 2311 Cous.

502 2324 688 2375 Petav.
714 2341 820 2375 sec.
841 2326 1016 2386 habet,
1040 2326 1217 2390 Incipit
1240 2328 1568 2392 Panegyricus
1586 2328 1742 2377 dietus
1764 2327 2006 2377 Theodoro
2023 2329 2232 2379 Considi.
2253 2326 2502 2389 Praefatio.
2541 2326 2716 2375 Porro

503 2390 557 2439 in
580 2390 796 2440 Schedia
822 2390 1090 2454 (inmanis,
1121 2392 1245 2441 item
1272 2393 1550 2457 Excerptis
1587 2392 1806 2457 Schotti,
1841 2394 2035 2457 Vossii‚
2074 2400 2131 2443 et
2164 2393 2374 2443 Codicis
2403 2392 2716 2442 Rhemeusis

507 2456 650 2506 nulla
674 2463 789 2506 erat
811 2454 1078 2506 Praefatio.

566 2526 594 2571 1
612 2522 744 2585 prior
757 2537 850 2586 pro
862 2537 1031 2586 precor
1044 2523 1079 2574 J
1083 2537 1169 2571 uu.
1187 2537 1265 2585 ρι’.
1299 2527 1449 2572 tantae
1462 2523 1685 2586 'Vatcpn
1721 2523 1926 2585 subjecte
1941 2524 2249 2574 Tholos.-—3
2270 2524 2370 2573 Nec
2388 2537 2494 2572 uero
2511 2527 2561 2572 te
2570 2521 2718 2582 fama

499 2593 631 2637 vetat
656 2587 828 2636 Oxon.
854 2602 958 2638 sec.
1011 2594 1155 2650 negat
1178 2589 1366 2637 PetaV.
1390 2603 1496 2637 sec.
1544 2593 1675 2638 vetat
1696 2591 1780 2638 vel
1797 2595 1941 2652 negat
1961 2591 2096 2653 Reg.
2138 2604 2274 2652 quam
2293 2603 2403 2637 vero
2422 2587 2595 2637 celsius
2612 2587 2718 2636 duo

498 2651 644 2702 Vatt.
664 2652 777 2701 Pal.
798 2652 943 2702 Med.
967 2658 1137 2716 quart.
1185 2668 1276 2702 non
1301 2669 1518 2719 umquam
1538 2654 1708 2703 celsius
1733 2655 1924 2711 Mazsr.
1963 2654 2146 2714 falsius
2168 2654 2293 2702 Put.
2326 2659 2481 2708 actam
2505 2653 2717 2701 Mazar.

497 2723 683 2768 auctam
712 2716 856 2766 Leid.
882 2733 961 2779 pr.
986 2726 1042 2766 et
1060 2718 1330 2768 duodecim
1353 2718 1458 2782 alii,
1479 2719 1605 2768 item
1628 2720 1756 2769 Exc.
1774 2719 1925 2771 Laeti.
1957 2725 2122 2768 auctor
2143 2720 2273 2781 Reg.
2298 2733 2366 2766 m.
2382 2732 2460 2780 pr.
2491 2719 2649 2766 altam
2663 2723 2719 2765 et

500 2797 570 2833 m.
592 2797 697 2831 sec.
720 2782 923 2832 emend.
988 2787 1173 2832 auctam
1197 2785 1323 2832 Var.
1347 2784 1450 2834 LI..
1476 2784 1557 2834 ed.
1583 2784 1743 2834 Antv.
1806 2789 1962 2836 actam
1983 2785 2065 2833 vel
2080 2789 2266 2833 auctam
2282 2783 2587 2832 Timum—4
2620 2796 2718 2830 ser-

498 2863 613 2899 vare
638 2848 833 2898 Mazar.
898 2849 1160 2897 meminisse
1181 2847 1327 2897 Med.
1353 2862 1457 2900 sec.
1481 2848 1693 2901 Tholos.
1725 2850 1827 2899 duo
1869 2848 2053 2899 Leidd.
2106 2849 2341 2898 meruisse
2361 2849 2483 2898 Vat.
2507 2862 2624 2898 sec.
2645 2862 2717 2897 m.

497 2928 581 2977 pr.
607 2914 732 2963 Lov.
794 2912 1014 2962 minuisse
1037 2913 1118 2961 vel
1139 2914 1401 2963 meminisse
1438 2914 1611 2974 Oxou.
1635 2930 1716 2978 pr.
1781 2915 2003 2964 minuisse
2025 2916 2107 2964 vel
2129 2916 2350 2964 meruisse
2373 2914 2607 2977 Reg.—5
2644 2915 2718 2961 At

498 2978 592 3027 tibi
613 2977 757 3027 Med.
781 2993 885 3026 sec.
910 2993 976 3025 m.
996 2993 1034 3029 s.
1058 2976 1230 3027 Oxou.
1256 2993 1360 3028 sec.
1394 2979 1495 3028 Aut
1517 2980 1607 3027 tibi
1629 2980 1754 3032 Jun.
1781 2995 1860 3044 pr.
1901 2980 2010 3030 Non
2029 2979 2121 3029 tibi
2144 2979 2317 3029 Oxou.
2337 2994 2416 3042 pr.
2467 2980 2602 3041 Num
2624 2976 2718 3026 tibi

499 3043 630 3104 Reg.
665 3044 795 3091 Num
816 3043 900 3091 vel
924 3044 1053 3092 Nam
1072 3043 1163 3092 tihi
1184 3043 1309 3092 Pat.
1358 3044 1604 3094 Heinsius
1630 3047 1761 3094 Num
1782 3046 1930 3109 legit.
1981 3045 2118 3094 rebus
2139 3047 2221 3094 vel
2244 3045 2413 3093 castris
2431 3044 2717 3092 Tunius,—

465 3117 469 3121 “
497 3111 530 3157 7
569 3106 787 3156 Culmina
808 3122 983 3156 omnes
1005 3107 1173 3157 Codd.
1198 3108 1443 3157 Heinsius
1466 3117 1764 3159 correxerat
1790 3109 1995 3160 Lumina
2032 3125 2098 3159 ex
2131 3109 2260 3159 Cod.
2286 3111 2411 3158 Vet.
2433 3117 2489 3158 et
2512 3108 2716 3171 ascrip-

493 3178 640 3227 ¹serat
674 3172 840 3222 locum
878 3173 988 3224 Cic.
1023 3171 1252 3237 Philipp.
1288 3187 1350 3224 11.
1384 3176 1400 3203 ‘
1423 3175 1551 3224 Illos
1590 3190 1688 3238 ego
1714 3181 1793 3225 tot
1823 3175 2276 3240 praestantissimos
2309 3175 2465 3237 viros,
2501 3173 2717 3223 Lumina

1485 3345 1706 3396 NOTAE

492 3457 772 3521 Eutropius
789 3457 872 3507 hic
892 3458 1163 3508 damnatus
1181 3465 1278 3521 est,
1290 3458 1556 3524 ipsiusque
1635 3464 1776 3510 cant.

492 3548 679 3586 nomen
705 3549 769 3584 ex
791 3533 941 3584 fastis
962 3549 1184 3585 erasum.
1700 3541 1730 3586 3
1774 3538 1888 3586 Vero
1903 3535 2090 3600 celsius]
2120 3535 2324 3583 Elatam
2341 3530 2494 3582 altius
2516 3532 2715 3583 merito

560 3613 817 3677 Prologus]
884 3611 1139 3661 Praefatio
1161 3629 1173 3660 ε
1218 3609 1325 3677 πρὸ,
1345 3619 1476 3673 ante,
1503 3620 1557 3662 et
1634 3628 1770 3676 meo,
1792 3614 1878 3662 vel
1899 3612 2085 3662 elatius
2107 3626 2259 3676 quam
2290 3611 2559 3675 qnisquam
2584 3624 2714 3660 vere

490 3687 659 3752 λόγος,
676 3704 859 3746 sermo,·
891 3690 1034 3755 quasi
1057 3695 1197 3739 esset
1233 3688 1286 3739 id
1320 3690 1454 3754 quod
1479 3689 1556 3739 di·
1635 3691 1811 3742 dicere
1834 3696 2005 3762 queat.
2068 3689 2188 3740 Jam
2210 3694 2385 3738 statua
2413 3686 2713 3739 Claudiano

493 3767 630 3817 citur
654 3776 775 3815 ante
796 3780 1081 3815 sermonem
1104 3766 1325 3831 aliquem
1365 3766 1558 3832 longio-
1636 3775 1815 3819 erecta
1836 3767 2029 3830 fuerat,
2045 3781 2195 3830 quem
2215 3765 2462 3814 honorem
2483 3764 2573 3814 vix
2599 3779 2717 3815 cre-

490 3857 620 3894 rem.
1635 3845 1871 3908 dibilem,
1891 3853 1947 3894 et
1968 3858 2125 3908 supra
2143 3842 2420 3893 veritatem
2443 3842 2569 3892 esse
2587 3840 2717 3908 poe-

556 3925 584 3970 1
618 3919 862 3983 Subjecta]
924 3921 1177 3984 Exposita
1194 3920 1399 3985 judicio
1419 3920 1556 3970 viro-
1635 3929 1691 3972 ta
1714 3921 1900 3973 innuit.

490 4010 605 4061 rum
628 3996 1053 4048 doctissimorum.
1698 4004 1732 4048 6
1766 3996 1934 4060 Miles]
1963 3998 2094 4046 Tum
2117 3995 2429 4046 Claudianus
2451 4008 2596 4044 arma
2618 4008 2710 4058 gc·

555 4083 587 4128 2
638 4078 826 4141 Thalia]
864 4079 1046 4126 Musa:
1087 4077 1179 4127 ἀπὸ
1216 4079 1303 4127 τοῦ
1340 4075 1554 4137 θάλλειν,
1630 4075 1808 4125 rebat:
1865 4074 2217 4123 militaverunt
2255 4077 2377 4120 aute
2415 4071 2558 4120 illum
2600 4072 2711 4121 En·

476 4155 692 4222 flor-erm
732 4155 868 4220 quod
911 4153 1192 4208 Poetarum
1250 4155 1429 4219 gloria,
1473 4153 1555 4203 vel
1632 4153 1766 4216 nius,
1790 4150 2031 4212 Ovidius,
2055 4149 2326 4198 HoratiuS.

489 4232 628 4298 quod
650 4232 827 4289 laudes
852 4232 1084 4282 versibus
1119 4231 1398 4282 Poetarum
1419 4245 1556 4280 com·
1699 4235 1730 4280 ‘1
1768 4225 2008 4289 Culmina]
2044 4227 2343 4287 SenatoreS,
2365 4223 2453 4288 qui
2476 4228 2729 4273 suntco-

489 4311 760 4381 prehensas
811 4309 975 4378 magis
1019 4323 1083 4360 uc
1122 4307 1286 4374 magis
1330 4306 1556 4359 efflores-
1633 4307 1829 4360 lumina
1862 4308 2120 4358 Senatus:
2165 4303 2252 4354 alii
2286 4302 2467 4369 legunt
2496 4303 2709 4367 lumina,
