2925 4928
1022 262 1057 303 ἢ

947 429 1047 479 ns
1092 430 1193 478 iv.
1239 430 1448 481 cons.
1497 428 1785 497 uanos.
2323 416 2457 484 243

259 571 425 652 Quis
452 579 685 640 vatum
709 573 1053 640 discursus
1079 577 1265 640 erat't
1310 576 1472 641 Tibi
1500 577 1799 660 corniger
1829 575 2194 660 Hammon,
2376 583 2382 589 ’

232 674 341 740 Et
364 676 616 741 dudum
646 680 832 748 taciti
862 699 1094 764 rupere
1121 680 1383 751 silentia
1411 680 1682 763 Delphi.

253 774 351 842 Te
380 779 616 846 Persae
647 784 944 847 cecinere
975 782 1201 866 Magi3
1247 790 1313 849 te
1339 787 1543 849 sensit
1573 783 1897 848 Etruscus
2328 783 2460 850 145

250 880 509 965 Augur,
544 890 614 949 et
646 885 967 969 inspectis
996 886 1420 969 Babylonius
1444 887 1709 951 horruit
1739 888 1984 953 astris„

256 983 566 1050 Chaldaei
597 992 916 1070 stupuere
948 1007 1173 1064 seneS,
1209 988 1649 1074 Cumanaque
1679 1010 1914 1055 rursus

254 1083 564 1151 Intonuit
592 1107 796 1171 rupes
823 1088 1076 1155 rabidae
1105 1089 1390 1156 delubra
1418 1092 1725 1176 Sibyllae.

249 1280 410 1316 cursus
427 1268 832 1321 vaticinantium?
881 1271 1081 1321 Ammon
1114 1279 1354 1337 cornutus,
1387 1281 1436 1325 et
1473 1276 1765 1340 Delphorum
1800 1274 2026 1325 Oracula
2035 1272 2321 1339 jampridem
2340 1275 2459 1325 reti-

247 1333 403 1382 centia
423 1335 713 1397 abruperunt
731 1335 967 1386 silentium
990 1352 1085 1400 pro
1108 1344 1170 1388 te.
1235 1338 1513 1389 Sacerdotes
1551 1341 1801 1390 Persarum
1827 1341 2154 1403 proedixemnt
2174 1344 2222 1390 te
2235 1340 2457 1401 :Augur

249 1394 458 1446 ssuseus
483 1401 704 1461 cog-novit
737 1407 802 1462 te,
838 1407 885 1452 et
921 1401 1215 1466 Babylonius
1256 1404 1436 1468 timuit,
1465 1405 1698 1456 sideribus
1733 1404 2006 1454 observatis.
2060 1403 2202 1453 Senes
2240 1404 2457 1454 ehalaoei

248 1462 479 1512 admirati
498 1469 627 1528 sunt,
648 1469 786 1528 atque
801 1481 972 1516 saxum
996 1468 1276 1530 Cumanum,
1298 1469 1435 1534 quod
1459 1476 1557 1535 est,
1576 1471 1796 1520 sacellum
1817 1470 2014 1534 Sibyllae
2034 1467 2266 1534 furentis,
2285 1469 2461 1519 iterum

1180 1595 1238 1614 Ν
1242 1595 1504 1617 “neoc“
1508 1598 1538 1617 Ο

247 1688 439 1741 Petav.
463 1705 570 1742 sec.
603 1652 739 1740 erant
761 1693 884 1742 Vat.
908 1696 1147 1756 piu—144
1168 1694 1344 1743 dudum
1365 1695 1496 1745 Exc.
1521 1695 1672 1745 Laet’r.
1693 1696 1883 1746 dubium
1905 1697 1988 1747 ed.
2019 1696 2195 1746 Vicet.
2230 1695 2327 1751 Qui
2364 1707 2460 1757 pro

246 1754 321 1809 Et
342 1755 465 1805 Vat.
490 1757 658 1820 quint.
689 1757 775 1806 Vel
797 1758 919 1808 Vnt.
940 1773 1019 1821 pr.
1052 1773 1247 1822 rapuere
1281 1759 1404 1809 Pat.
1440 1775 1611 1824 rupere
1630 1762 1717 1810 vel
1749 1776 1945 1825 rapuere
1969 1762 2356 1811 morena—145
2396 1757 2461 1807 Te

241 1823 440 1882 propter
460 1822 586 1872 Vat.
627 1837 734 1872 sec.
773 1823 892 1873 Pal.
927 1823 1029 1872 duo
1068 1823 1214 1873 Med.
1249 1824 1443 1875 Moret.
1481 1840 1587 1875 sec.
1629 1827 1794 1875 Poesoe
1829 1827 1912 1874 vel
2048 1831 2123 1875 ter
2146 1827 2250 1875 inc.
2273 1821 2460 1873 Heius.

246 1884 400 1932 sentit
438 1886 671 1936 Florent.
725 1886 898 1936 Sensus
930 1888 1218 1938 Pau—146
1249 1889 1432 1952 stupuit
1470 1890 1765 1954 Babylonius
1799 1891 1946 1941 Med.
1986 1897 2159 1955 quart.
2191 1897 2247 1939 et
2268 1887 2462 1937 Ala.-

248 1951 346 1997 147
385 1950 668 2015 Cumoeaque
691 1952 805 2004 Pal.
823 1949 949 2003 vat.
971 1957 1307 2017 quarn—148
1322 1954 1504 2002 rabida
1521 1956 1622 2004 duo
1645 1957 1767 2005 Vat.
1794 1956 1898 2005 duo
1930 1956 2076 2005 Med.
2098 1956 2220 2005 Put.
2257 1952 2461 2002 Thuan.

245 2011 450 2064 Mazar.
473 2015 593 2067 Pat.
615 2016 802 2068 Petav.
839 2032 919 2082 pr.
959 2023 1083 2068 tres.
1108 2017 1287 2068 Ambr.
1317 2020 1446 2069 Exc.
1483 2021 1701 2071 Lucens.
1747 2035 1850 2072 sec.
1879 2027 1937 2070 et
1957 2020 2039 2070 ed.
2061 2020 2231 2071 Vicet.
2280 2018 2462 2082 rapidoe

1257 2164 1474 2218 NOTAE

222 2284 352 2344 seim
375 2286 688 2361 vulturibus,
710 2296 836 2348 vicit
850 2295 1065 2348 fratrem
1082 2288 1321 2364 Remum,

321 2369 335 2382 ‚
480 2377 506 2421 t
578 2378 599 2422 t
765 2375 798 2424 d
1399 2298 1620 2363 pientes,
1639 2314 1766 2364 quos
1789 2298 1966 2350 Graeci
1983 2295 2342 2370 Philosophos‚
2365 2295 2463 2344 La-

248 2384 338 2434 qui
361 2385 456 2421 sex
508 2386 575 2421 an
601 2375 761 2427 umwvi
802 2381 931 2425 erat.

1401 2375 1499 2424 tini
1520 2374 1814 2439 Sapientes,
1838 2375 1979 2424 Galli
1995 2373 2247 2435 Druidas»,
2277 2370 2465 2433 AEgyp-

224 2477 231 2484 -
313 2451 412 2498 143
454 2447 632 2499 Vatum
660 2451 918 2515 discursus]
974 2451 1136 2503 Vates
1180 2453 1319 2505 ultro

247 2522 492 2591 citroque
532 2527 870 2593 cursitabant,
900 2535 957 2580 ut
993 2531 1319 2594 explicarent

222 2598 430 2651 ‘felices
455 2602 523 2651 de
546 2604 780 2655 Honorio
802 2605 1189 2669 praedictiones.

309 2678 557 2746 Corniger
602 2680 864 2745 Hammon]
938 2682 1042 2732 Seu
1086 2683 1320 2734 Ammon:

220 2753 481 2817 -Jupiter,
521 2755 694 2820 pictus
736 2759 791 2807 in
835 2761 1068 2822 speciem
1104 2759 1321 2824 Arietis,

246 2832 384 2895 quod
407 2833 620 2883 Baccho
657 2834 857 2885 sitienti
893 2836 946 2885 in
984 2835 1152 2887 forma
1176 2837 1320 2888 Arie-

246 2907 314 2955 tis
336 2914 537 2957 terram
575 2910 798 2973 pedibus
821 2914 1172 2963 concutientis
1206 2913 1319 2965 fon·

246 2988 352 3033 tem
375 2985 693 3035 ostenderit.
762 2987 867 3037 Hic
901 3002 1054 3052 porro
1089 2990 1320 3040 Oracula

245 3059 437 3110 edebat
457 3061 602 3111 inter
625 3077 806 3112 arenas
829 3064 1007 3129 Libyae
1031 3066 1083 3115 in
1101 3065 1316 3127 Africa;

246 3135 382 3186 unde
404 3151 618 3200 nomen,
647 3153 767 3188 nam
796 3137 962 3204 ἅμμος,
983 3156 1076 3191 seu
1113 3140 1317 3206 ψάμμος,

225 3227 438 3280 >arenam
473 3213 750 3277 significat.
817 3215 924 3265 Alii
957 3216 1222 3267 deducunt
1253 3217 1320 3267 ab

220 3291 476 3356 ..ammone
499 3298 729 3356 pastore,
751 3293 838 3357 qui
861 3293 933 3343 ibi
957 3295 1208 3358 templum
1232 3309 1321 3345 ex·

245 3368 451 3419 struxit.
523 3368 629 3417 Alii
651 3384 682 3417 a
717 3369 971 3432 Chamone,
993 3384 1086 3420 seu
1123 3370 1319 3432 Chamo,

247 3442 376 3500 No'e's
397 3445 742 3507 Patriarchae.
771 3444 900 3509 filio,
920 3446 1006 3511 qui
1029 3460 1204 3496 veram
1236 3462 1319 3496 re-

245 3517 493 3584 ligionem
517 3520 842 3584 depravavit,
868 3528 924 3571 et
945 3522 1001 3572 in
1031 3521 1215 3573 Africa
1238 3538 1320 3573 su-

227 3598 590 3663 ‚perstitiones
610 3598 828 3650 invenit.
979 3645 984 3652 .

242 3715 249 3722 ,
308 3677 406 3724 144
442 3674 650 3739 Delphi]
689 3676 823 3725 Urbs
844 3676 909 3725 ad
935 3675 1164 3725 radicem
1189 3676 1318 3725 Par-

246 3750 402 3813 nassi,
424 3751 482 3799 in
510 3766 613 3816 qua
635 3750 825 3815 Apollo
859 3752 1052 3802 edebat
1083 3752 1318 3815 oracula3

248 3826 335 3875 sed
381 3833 507 3889 post
573 3833 752 3876 natum
812 3828 1075 3890 Christum
1134 3829 1317 3878 tacuit.

247 3903 416 3969 (Nero
437 3913 639 3969 tamen,
660 3922 690 3956 e
727 3907 997 3971 Suetonio,
1029 3910 1044 3936 ‘
1068 3909 1321 3959 Consulto

248 3979 464 4046 DelphIs
505 3980 752 4045 Apolline
790 3985 1225 4048 septuagesimum
1258 3999 1318 4034 ac

249 4057 460 4124 tertium
500 4072 691 4109 annum
725 4060 1014 4110 cavendum
1053 4061 1149 4110 sibi
1181 4061 1321 4111 audi-

214 4131 382 4202 site)
432 4133 590 4183 Unde
624 4136 830 4186 notabis
863 4138 975 4208 haec
1011 4138 1182 4188 omnia
1213 4138 1320 4188 dici

255 4221 283 4258 e
301 4208 517 4258 licentia
539 4209 762 4272 poetica.

285 4277 289 4281 ’
315 4290 406 4338 145
441 4285 618 4352 Maga]
667 4287 743 4339 Hi
765 4293 918 4341 erant
948 4289 1228 4368 Bersaruin
1247 4304 1324 4342 sa·

1399 2451 1461 2501 tii
1506 2452 1797 2517 Prophetas
1840 2466 1933 2503 seu
1968 2450 2275 2503 Sacerdotes
2314 2462 2464 2499 voca-

1398 2527 1540 2578 bant.
1601 2527 1888 2578 Jactabant
1912 2543 1968 2578 se
1983 2527 2173 2577 habere
2194 2526 2465 2576 scientiam

1400 2600 1690 2654 futurorum
1709 2619 1726 2651 τ
1776 2603 1998 2667 ideoque
2027 2607 2208 2666 postea
2228 2600 2338 2650 haec
2360 2614 2463 2649 vox

1400 2680 1467 2729 ad
1491 2695 1579 2731 eos
1608 2680 1854 2730 translata
1887 2684 1985 2742 est,
2005 2677 2093 2742 qui
2117 2674 2463 2740 praedicendis
2489 2705 2494 2708 -

1401 2756 1558 2807 rebus
1580 2747 1770 2806 futuris
1793 2770 1848 2804 se
1870 2756 2249 2819 applicuerunt.

1470 2832 1715 2895 Cecinere]
1763 2832 1847 2882 Te
1885 2831 2222 2896 nasciturum,
2260 2836 2315 2879 te
2350 2827 2463 2878 fore

1400 2907 1629 2960 felicem.

1468 2991 1561 3036 145
1601 2988 1826 3036 Etruscus
1867 2983 2066 3047 Augur]
2119 2982 2262 3033 Huic
2300 2979 2465 3046 magis

1398 3061 1620 3111 Romani
1665 3061 1979 3121 credebant3
2029 3059 2167 3124 quod
2207 3058 2273 3108 ab
2312 3059 2467 3108 Etru-

1397 3138 1478 3190 ria
1534 3140 1705 3190 Italiae
1765 3140 1976 3204 regione
2042 3135 2467 3201 superstitionum

1398 3216 1539 3279 leges
1565 3214 1982 3279 caerimoniasque
2021 3212 2365 3275 accepissent.
2421 3209 2432 3222 ”

1464 3291 1779 3356 Babylonius]
1812 3290 2153 3352 Philosophus
2170 3279 2467 3338 Genethlia-

1405 3382 1515 3431 cus,
1531 3383 1622 3417 seu
1644 3368 1732 3432 qui
1756 3368 1991 3431 inspecta
2023 3362 2318 3414 nativitatis
2341 3363 2468 3413 bora

1366 3467 1371 3470 ·
1405 3442 1587 3494 futura
1616 3444 1871 3508 praedicit:
1923 3441 2242 3505 Babylonius
2276 3440 2468 3489 dicitur

1407 3521 1474 3571 ab
1510 3520 1637 3570 urbe
1674 3519 1958 3583 Babylone,
1994 3533 2110 3582 quae
2155 3521 2316 3579 caput
2353 3521 2468 3565 erat

1396 3593 1763 3646 'Chaldaeorum
1784 3612 1799 3657 ς
1844 3594 1980 3643 unde
1999 3599 2056 3643 et
2077 3591 2350 3643 Chaldaeus
2372 3590 2469 3641 eti-

1406 3689 1488 3723 am
1512 3672 1821 3736 appellatur.
2153 3673 2158 3676 “
2179 3662 2184 3668 ’

1467 3754 1561 3801 147
1599 3745 1919 3810 Cumanaque]
1973 3747 2152 3797 Cumoe
2191 3749 2312 3795 sunt
2343 3743 2467 3794 urbs

1401 3826 1699 3890 Campaniae
1722 3825 1774 3873 in
1803 3823 1993 3872 Italia:
2022 3823 2128 3886 ,ubi
2168 3821 2364 3887 Sibylla
2387 3835 2466 3870 ra-

1400 3903 1543 3966 bida,
1562 3903 1695 3964 Deo,
1718 3899 1800 3950 vel
1823 3899 1997 3965 potius
2035 3900 2287 3949 Daemone
2310 3898 2468 3963 plena

1398 3978 1614 4029 furebat
1635 3979 1791 4028 edens
1815 3977 2042 4026 oracula.
2108 3976 2311 4040 Sibylla
2339 3973 2465 4024 dici-

1401 4060 1487 4104 tur
1509 4054 1674 4120 quasi,
1692 4054 1803 4105 Σιοῦ
1820 4052 1995 4116 βουλὴ,
2017 4052 2115 4103 Dei
2130 4052 2387 4102 consilium.

1468 4135 1564 4181 148
1595 4129 1832 4193 Delubra]
1901 4129 2160 4196 Antrum,
2186 4127 2324 4200 quod
2365 4126 2467 4195 ipsi

1401 4214 1518 4261 erat
1538 4209 1683 4260 velut
1702 4206 1969 4273 templum.

2379 4393 2408 4418 β
