<?xml version="1.0" encoding="UTF-8"?>
<!DOCTYPE html PUBLIC "-//W3C//DTD XHTML 1.0 Transitional//EN"
    "http://www.w3.org/TR/xhtml1/DTD/xhtml1-transitional.dtd">
<html xmlns="http://www.w3.org/1999/xhtml" xml:lang="en" lang="en">
 <head>
  <title>
</title>
<meta http-equiv="Content-Type" content="text/html;charset=utf-8" />
  <meta name='ocr-system' content='tesseract 3.04.00' />
  <meta name='ocr-capabilities' content='ocr_page ocr_carea ocr_par ocr_line ocrx_word'/>
</head>
<body>
  <div class='ocr_page' id='page_1' title='image "./operaomniavolum00claugoog/operaomniavolum00claugoog_0214.png"; bbox 0 0 2925 4928; ppageno 0'>
   <div class='ocr_carea' id='block_1_1' title="bbox 471 399 2374 466">
    <p class='ocr_par' dir='ltr' id='par_1_1' title="bbox 471 399 2374 466">
     <span class='ocr_line' id='line_1_1' title="bbox 471 399 2374 466; baseline -0.006 0"><span class='ocrx_word' id='word_1_1' title='bbox 471 399 603 466; x_wconf 79' lang='lat'><strong>196</strong></span> <span class='ocrx_word' id='word_1_2' title='bbox 794 414 913 465; x_wconf 70' lang='lat' dir='ltr'><strong>cn.</strong></span> <span class='ocrx_word' id='word_1_3' title='bbox 958 401 1390 461; x_wconf 63' lang='lat' dir='ltr'><strong>ommuni</strong></span> <span class='ocrx_word' id='word_1_4' title='bbox 1438 410 1513 459; x_wconf 88' lang='lat' dir='ltr'><strong>v.</strong></span> <span class='ocrx_word' id='word_1_5' title='bbox 1559 409 1641 458; x_wconf 75' lang='lat' dir='ltr'><strong>m</strong></span> <span class='ocrx_word' id='word_1_6' title='bbox 1693 405 2046 459; x_wconf 62' lang='lat' dir='ltr'><strong>numium</strong></span> <span class='ocrx_word' id='word_1_7' title='bbox 2095 407 2242 456; x_wconf 78' lang='lat' dir='ltr'><strong>mn.</strong></span> <span class='ocrx_word' id='word_1_8' title='bbox 2289 406 2374 455; x_wconf 88' lang='lat'><strong>11.</strong></span> 
     </span>
    </p>
   </div>
   <div class='ocr_carea' id='block_1_2' title="bbox 475 551 2342 738">
    <p class='ocr_par' dir='ltr' id='par_1_2' title="bbox 475 551 2342 738">
     <span class='ocr_line' id='line_1_2' title="bbox 475 551 2342 636; baseline -0.005 -11"><span class='ocrx_word' id='word_1_9' title='bbox 475 557 934 625; x_wconf 81' lang='lat' dir='ltr'><strong>Fundamenta</strong></span> <span class='ocrx_word' id='word_1_10' title='bbox 957 554 1202 619; x_wconf 86' lang='lat' dir='ltr'><strong>latent:</strong></span> <span class='ocrx_word' id='word_1_11' title='bbox 1248 553 1649 636; x_wconf 80' lang='lat' dir='ltr'><strong>penitusque</strong></span> <span class='ocrx_word' id='word_1_12' title='bbox 1679 553 2029 619; x_wconf 83' lang='lat' dir='ltr'><strong>immersus</strong></span> <span class='ocrx_word' id='word_1_13' title='bbox 2056 551 2342 629; x_wconf 84' lang='lat' dir='ltr'><strong>anhelet,</strong></span> 
     </span>
     <span class='ocr_line' id='line_1_3' title="bbox 476 651 2268 738; baseline -0.004 -12"><span class='ocrx_word' id='word_1_14' title='bbox 476 661 657 726; x_wconf 90' lang='lat' dir='ltr'><strong>Dum</strong></span> <span class='ocrx_word' id='word_1_15' title='bbox 687 662 863 722; x_wconf 89' lang='lat' dir='ltr'><strong>rotet</strong></span> <span class='ocrx_word' id='word_1_16' title='bbox 889 661 1068 721; x_wconf 86' lang='lat' dir='ltr'><strong>astra</strong></span> <span class='ocrx_word' id='word_1_17' title='bbox 1094 655 1317 738; x_wconf 80' lang='lat' dir='ltr'><strong>poluS,</strong></span> <span class='ocrx_word' id='word_1_18' title='bbox 1347 651 1596 719; x_wconf 86' lang='lat' dir='ltr'><strong>feriant</strong></span> <span class='ocrx_word' id='word_1_19' title='bbox 1624 653 1782 717; x_wconf 90' lang='lat' dir='ltr'><strong>dum</strong></span> <span class='ocrx_word' id='word_1_20' title='bbox 1811 655 2033 718; x_wconf 85' lang='lat' dir='ltr'><strong>littora</strong></span> <span class='ocrx_word' id='word_1_21' title='bbox 2059 654 2268 718; x_wconf 87' lang='lat' dir='ltr'><strong>venti.</strong></span> 
     </span>
    </p>
   </div>
   <div class='ocr_carea' id='block_1_3' title="bbox 469 810 2688 949">
    <p class='ocr_par' dir='ltr' id='par_1_3' title="bbox 469 810 2688 949">
     <span class='ocr_line' id='line_1_4' title="bbox 469 810 2688 890; baseline -0.003 -17"><span class='ocrx_word' id='word_1_22' title='bbox 469 829 611 890; x_wconf 80' lang='lat' dir='ltr'><strong>purte</strong></span> <span class='ocrx_word' id='word_1_23' title='bbox 627 821 865 888; x_wconf 76' lang='lat' dir='ltr'><strong>principia</strong></span> <span class='ocrx_word' id='word_1_24' title='bbox 885 820 1033 869; x_wconf 78' lang='lat' dir='ltr'><strong>noctis</strong></span> <span class='ocrx_word' id='word_1_25' title='bbox 1063 818 1402 868; x_wconf 70' lang='lat' dir='ltr'><strong>obscurissima</strong></span> <span class='ocrx_word' id='word_1_26' title='bbox 1435 810 1808 866; x_wconf 54' lang='lat' dir='ltr'><strong>abscondantur.-</strong></span> <span class='ocrx_word' id='word_1_27' title='bbox 1840 833 1896 865; x_wconf 83' lang='lat' dir='ltr'><strong>ac</strong></span> <span class='ocrx_word' id='word_1_28' title='bbox 1915 817 2144 875; x_wconf 73' lang='lat' dir='ltr'><strong>funditus</strong></span> <span class='ocrx_word' id='word_1_29' title='bbox 2177 832 2356 867; x_wconf 76' lang='lat' dir='ltr'><strong>mersus</strong></span> <span class='ocrx_word' id='word_1_30' title='bbox 2381 817 2688 882; x_wconf 70' lang='lat' dir='ltr'><strong>ingemiscat,</strong></span> 
     </span>
     <span class='ocr_line' id='line_1_5' title="bbox 471 883 1900 949; baseline -0.005 -9"><span class='ocrx_word' id='word_1_31' title='bbox 471 893 584 940; x_wconf 77' lang='lat' dir='ltr'><strong>dum</strong></span> <span class='ocrx_word' id='word_1_32' title='bbox 609 889 786 937; x_wconf 78' lang='lat' dir='ltr'><strong>Coelnm</strong></span> <span class='ocrx_word' id='word_1_33' title='bbox 800 888 952 935; x_wconf 79' lang='lat' dir='ltr'><strong>volvet</strong></span> <span class='ocrx_word' id='word_1_34' title='bbox 966 884 1142 949; x_wconf 73' lang='lat' dir='ltr'><strong>sideru,</strong></span> <span class='ocrx_word' id='word_1_35' title='bbox 1157 885 1269 932; x_wconf 79' lang='lat' dir='ltr'><strong>dum</strong></span> <span class='ocrx_word' id='word_1_36' title='bbox 1290 884 1419 933; x_wconf 70' lang='lat' dir='ltr'><strong>venti</strong></span> <span class='ocrx_word' id='word_1_37' title='bbox 1430 886 1696 947; x_wconf 75' lang='lat' dir='ltr'><strong>percutient</strong></span> <span class='ocrx_word' id='word_1_38' title='bbox 1718 883 1900 934; x_wconf 79' lang='lat' dir='ltr'><strong>littora.</strong></span> 
     </span>
    </p>
   </div>
   <div class='ocr_carea' id='block_1_4' title="bbox 1400 1043 1754 1063">
    <p class='ocr_par' dir='ltr' id='par_1_4' title="bbox 1400 1043 1754 1063">
     <span class='ocr_line' id='line_1_6' title="bbox 1400 1043 1754 1063; baseline -0.006 0"><span class='ocrx_word' id='word_1_39' title='bbox 1400 1043 1754 1063; x_wconf 65' lang='lat' dir='ltr'><strong>OOOOOOOOOOOO</strong></span> 
     </span>
    </p>
   </div>
   <div class='ocr_carea' id='block_1_5' title="bbox 404 1137 2691 2175">
    <p class='ocr_par' dir='ltr' id='par_1_5' title="bbox 404 1137 2686 1554">
     <span class='ocr_line' id='line_1_7' title="bbox 472 1137 2680 1204; baseline -0.003 -10"><span class='ocrx_word' id='word_1_40' title='bbox 472 1146 578 1194; x_wconf 88' lang='lat' dir='ltr'><strong>LL.</strong></span> <span class='ocrx_word' id='word_1_41' title='bbox 624 1144 706 1195; x_wconf 86' lang='lat' dir='ltr'><strong>ed.</strong></span> <span class='ocrx_word' id='word_1_42' title='bbox 739 1141 899 1193; x_wconf 83' lang='lat' dir='ltr'><strong>Antv.</strong></span> <span class='ocrx_word' id='word_1_43' title='bbox 950 1141 1088 1191; x_wconf 81' lang='lat' dir='ltr'><strong>Ditis</strong></span> <span class='ocrx_word' id='word_1_44' title='bbox 1123 1140 1255 1204; x_wconf 81' lang='lat' dir='ltr'><strong>opaci</strong></span> <span class='ocrx_word' id='word_1_45' title='bbox 1279 1146 1385 1189; x_wconf 82' lang='lat' dir='ltr'><strong>tres</strong></span> <span class='ocrx_word' id='word_1_46' title='bbox 1405 1141 1527 1188; x_wconf 83' lang='lat' dir='ltr'><strong>Vat.</strong></span> <span class='ocrx_word' id='word_1_47' title='bbox 1548 1139 1665 1188; x_wconf 89' lang='lat' dir='ltr'><strong>Pal.</strong></span> <span class='ocrx_word' id='word_1_48' title='bbox 1691 1139 1843 1189; x_wconf 80' lang='lat' dir='ltr'><strong>Fam.</strong></span> <span class='ocrx_word' id='word_1_49' title='bbox 1870 1137 2168 1189; x_wconf 61' lang='lat' dir='ltr'><strong>Pria—526</strong></span> <span class='ocrx_word' id='word_1_50' title='bbox 2195 1152 2403 1202; x_wconf 83' lang='lat' dir='ltr'><strong>praeceps</strong></span> <span class='ocrx_word' id='word_1_51' title='bbox 2421 1137 2500 1186; x_wconf 83' lang='lat' dir='ltr'><strong>ubi</strong></span> <span class='ocrx_word' id='word_1_52' title='bbox 2537 1138 2680 1187; x_wconf 83' lang='lat' dir='ltr'><strong>Flor.</strong></span> 
     </span>
     <span class='ocr_line' id='line_1_8' title="bbox 472 1203 2683 1271; baseline -0.004 -12"><span class='ocrx_word' id='word_1_53' title='bbox 472 1212 602 1259; x_wconf 80' lang='lat' dir='ltr'>Exc.</span> <span class='ocrx_word' id='word_1_54' title='bbox 637 1209 790 1258; x_wconf 78' lang='lat' dir='ltr'><strong>Laeti.</strong></span> <span class='ocrx_word' id='word_1_55' title='bbox 836 1221 1047 1271; x_wconf 81' lang='lat' dir='ltr'><strong>proeceps</strong></span> <span class='ocrx_word' id='word_1_56' title='bbox 1066 1205 1135 1254; x_wconf 85' lang='lat' dir='ltr'><strong>ibi</strong></span> <span class='ocrx_word' id='word_1_57' title='bbox 1155 1206 1256 1255; x_wconf 88' lang='lat' dir='ltr'><strong>duo</strong></span> <span class='ocrx_word' id='word_1_58' title='bbox 1272 1206 1391 1254; x_wconf 79' lang='lat' dir='ltr'><strong>Vat.</strong></span> <span class='ocrx_word' id='word_1_59' title='bbox 1416 1203 1581 1252; x_wconf 85' lang='lat' dir='ltr'><strong>Oisel.</strong></span> <span class='ocrx_word' id='word_1_60' title='bbox 1607 1203 1747 1252; x_wconf 88' lang='lat' dir='ltr'><strong>Med.</strong></span> <span class='ocrx_word' id='word_1_61' title='bbox 1774 1219 1846 1264; x_wconf 73' lang='lat' dir='ltr'><strong>pr.</strong></span> <span class='ocrx_word' id='word_1_62' title='bbox 1872 1204 1992 1252; x_wconf 85' lang='lat' dir='ltr'><strong>Pat.</strong></span> <span class='ocrx_word' id='word_1_63' title='bbox 2015 1210 2069 1253; x_wconf 84' lang='lat' dir='ltr'><strong>et</strong></span> <span class='ocrx_word' id='word_1_64' title='bbox 2090 1204 2214 1252; x_wconf 87' lang='lat' dir='ltr'><strong>Vat.</strong></span> <span class='ocrx_word' id='word_1_65' title='bbox 2237 1204 2403 1252; x_wconf 86' lang='lat' dir='ltr'><strong>Livin.</strong></span> <span class='ocrx_word' id='word_1_66' title='bbox 2449 1217 2683 1266; x_wconf 80' lang='lat' dir='ltr'><strong>proeceps·</strong></span> 
     </span>
     <span class='ocr_line' id='line_1_9' title="bbox 471 1267 2681 1338; baseline -0.003 -14"><span class='ocrx_word' id='word_1_67' title='bbox 471 1290 563 1338; x_wconf 75' lang='lat' dir='ltr'><strong>que</strong></span> <span class='ocrx_word' id='word_1_68' title='bbox 580 1273 649 1322; x_wconf 81' lang='lat' dir='ltr'><strong>ibi</strong></span> <span class='ocrx_word' id='word_1_69' title='bbox 669 1287 847 1322; x_wconf 78' lang='lat' dir='ltr'><strong>mersus</strong></span> <span class='ocrx_word' id='word_1_70' title='bbox 868 1273 996 1322; x_wconf 86' lang='lat' dir='ltr'><strong>Exc.</strong></span> <span class='ocrx_word' id='word_1_71' title='bbox 1021 1272 1238 1320; x_wconf 85' lang='lat' dir='ltr'><strong>Lucens.</strong></span> <span class='ocrx_word' id='word_1_72' title='bbox 1258 1284 1365 1319; x_wconf 82' lang='lat' dir='ltr'><strong>sec.</strong></span> <span class='ocrx_word' id='word_1_73' title='bbox 1395 1269 1669 1331; x_wconf 72' lang='lat' dir='ltr'><strong>penitusque</strong></span> <span class='ocrx_word' id='word_1_74' title='bbox 1692 1268 1769 1317; x_wconf 78' lang='lat' dir='ltr'><strong>ubi</strong></span> <span class='ocrx_word' id='word_1_75' title='bbox 1795 1269 1911 1317; x_wconf 83' lang='lat' dir='ltr'><strong>Pal.</strong></span> <span class='ocrx_word' id='word_1_76' title='bbox 1932 1269 2074 1319; x_wconf 87' lang='lat' dir='ltr'><strong>Med.</strong></span> <span class='ocrx_word' id='word_1_77' title='bbox 2137 1283 2178 1317; x_wconf 80' lang='lat' dir='ltr'><strong>r.</strong></span> <span class='ocrx_word' id='word_1_78' title='bbox 2196 1270 2319 1317; x_wconf 89' lang='lat' dir='ltr'><strong>Lov.</strong></span> <span class='ocrx_word' id='word_1_79' title='bbox 2345 1283 2473 1316; x_wconf 83' lang='lat' dir='ltr'><strong>unus</strong></span> <span class='ocrx_word' id='word_1_80' title='bbox 2493 1267 2681 1318; x_wconf 86' lang='lat' dir='ltr'><strong>Heius.</strong></span> 
     </span>
     <span class='ocr_line' id='line_1_10' title="bbox 470 1332 2686 1399; baseline -0.004 -11"><span class='ocrx_word' id='word_1_81' title='bbox 470 1340 556 1388; x_wconf 87' lang='lat' dir='ltr'><strong>ed.</strong></span> <span class='ocrx_word' id='word_1_82' title='bbox 579 1339 751 1389; x_wconf 76' lang='lat' dir='ltr'><strong>Parin.</strong></span> <span class='ocrx_word' id='word_1_83' title='bbox 798 1336 1072 1399; x_wconf 68' lang='lat' dir='ltr'><strong>penitusque</strong></span> <span class='ocrx_word' id='word_1_84' title='bbox 1106 1335 1174 1383; x_wconf 85' lang='lat' dir='ltr'><strong>ibi</strong></span> <span class='ocrx_word' id='word_1_85' title='bbox 1216 1333 1440 1395; x_wconf 62' lang='lat' dir='ltr'><strong>sedecim</strong></span> <span class='ocrx_word' id='word_1_86' title='bbox 1484 1333 1592 1393; x_wconf 82' lang='lat' dir='ltr'><strong>alii,</strong></span> <span class='ocrx_word' id='word_1_87' title='bbox 1625 1333 1751 1381; x_wconf 82' lang='lat' dir='ltr'><strong>Exc.</strong></span> <span class='ocrx_word' id='word_1_88' title='bbox 1792 1333 2010 1383; x_wconf 80' lang='lat' dir='ltr'><strong>Gevart.</strong></span> <span class='ocrx_word' id='word_1_89' title='bbox 2047 1347 2076 1381; x_wconf 89' lang='lat' dir='ltr'><strong>e</strong></span> <span class='ocrx_word' id='word_1_90' title='bbox 2117 1369 2129 1383; x_wconf 92' lang='lat'>.</span> <span class='ocrx_word' id='word_1_91' title='bbox 2169 1333 2339 1381; x_wconf 86' lang='lat' dir='ltr'><strong>Vicet.</strong></span> <span class='ocrx_word' id='word_1_92' title='bbox 2391 1334 2579 1396; x_wconf 72' lang='lat' dir='ltr'><strong>penitus</strong></span> <span class='ocrx_word' id='word_1_93' title='bbox 2610 1332 2686 1380; x_wconf 84' lang='lat' dir='ltr'><strong>ibi</strong></span> 
     </span>
     <span class='ocr_line' id='line_1_11' title="bbox 471 1397 2685 1463; baseline -0.003 -11"><span class='ocrx_word' id='word_1_94' title='bbox 471 1413 582 1452; x_wconf 80' lang='lat' dir='ltr'><strong>tres</strong></span> <span class='ocrx_word' id='word_1_95' title='bbox 604 1402 728 1451; x_wconf 84' lang='lat' dir='ltr'><strong>Vat.</strong></span> <span class='ocrx_word' id='word_1_96' title='bbox 772 1402 961 1463; x_wconf 77' lang='lat' dir='ltr'><strong>penitus</strong></span> <span class='ocrx_word' id='word_1_97' title='bbox 984 1400 1066 1449; x_wconf 87' lang='lat' dir='ltr'><strong>vel</strong></span> <span class='ocrx_word' id='word_1_98' title='bbox 1086 1414 1276 1462; x_wconf 81' lang='lat' dir='ltr'><strong>prorsus</strong></span> <span class='ocrx_word' id='word_1_99' title='bbox 1293 1400 1415 1447; x_wconf 86' lang='lat' dir='ltr'><strong>Vat.</strong></span> <span class='ocrx_word' id='word_1_100' title='bbox 1442 1405 1566 1447; x_wconf 84' lang='lat' dir='ltr'><strong>tert.</strong></span> <span class='ocrx_word' id='word_1_101' title='bbox 1605 1397 1794 1463; x_wconf 74' lang='lat' dir='ltr'><strong>penitus</strong></span> <span class='ocrx_word' id='word_1_102' title='bbox 1818 1398 1899 1446; x_wconf 83' lang='lat' dir='ltr'><strong>vel</strong></span> <span class='ocrx_word' id='word_1_103' title='bbox 1917 1411 2125 1460; x_wconf 75' lang='lat' dir='ltr'><strong>proeceps</strong></span> <span class='ocrx_word' id='word_1_104' title='bbox 2144 1397 2267 1446; x_wconf 83' lang='lat' dir='ltr'><strong>Vat.</strong></span> <span class='ocrx_word' id='word_1_105' title='bbox 2294 1412 2373 1458; x_wconf 87' lang='lat' dir='ltr'><strong>pr.</strong></span> <span class='ocrx_word' id='word_1_106' title='bbox 2404 1397 2685 1460; x_wconf 69' lang='lat' dir='ltr'><strong>penitusque</strong></span> 
     </span>
     <span class='ocr_line' id='line_1_12' title="bbox 404 1461 2686 1537; baseline -0.002 -21"><span class='ocrx_word' id='word_1_107' title='bbox 404 1524 418 1537; x_wconf 90' lang='lat'><strong>.</strong></span> <span class='ocrx_word' id='word_1_108' title='bbox 469 1468 541 1516; x_wconf 82' lang='lat' dir='ltr'><strong>ibi</strong></span> <span class='ocrx_word' id='word_1_109' title='bbox 579 1467 663 1515; x_wconf 86' lang='lat' dir='ltr'><strong>vel</strong></span> <span class='ocrx_word' id='word_1_110' title='bbox 695 1479 904 1529; x_wconf 75' lang='lat' dir='ltr'><strong>proeceps</strong></span> <span class='ocrx_word' id='word_1_111' title='bbox 938 1464 1007 1513; x_wconf 80' lang='lat' dir='ltr'><strong>ibi</strong></span> <span class='ocrx_word' id='word_1_112' title='bbox 1043 1465 1167 1529; x_wconf 63' lang='lat' dir='ltr'><strong>But.</strong></span> <span class='ocrx_word' id='word_1_113' title='bbox 1226 1478 1436 1527; x_wconf 69' lang='lat' dir='ltr'><strong>preceps</strong></span> <span class='ocrx_word' id='word_1_114' title='bbox 1475 1463 1703 1510; x_wconf 81' lang='lat' dir='ltr'><strong>inmersus</strong></span> <span class='ocrx_word' id='word_1_115' title='bbox 1740 1463 1882 1512; x_wconf 84' lang='lat' dir='ltr'><strong>Rott.</strong></span> <span class='ocrx_word' id='word_1_116' title='bbox 1948 1464 2223 1524; x_wconf 77' lang='lat' dir='ltr'><strong>penitusque</strong></span> <span class='ocrx_word' id='word_1_117' title='bbox 2266 1463 2496 1510; x_wconf 81' lang='lat' dir='ltr'><strong>inmersus</strong></span> <span class='ocrx_word' id='word_1_118' title='bbox 2532 1461 2686 1512; x_wconf 84' lang='lat' dir='ltr'><strong>Med.</strong></span> 
     </span>
     <span class='ocr_line' id='line_1_13' title="bbox 1087 1526 2478 1554; baseline -0.004 0"><span class='ocrx_word' id='word_1_119' title='bbox 1087 1545 1095 1554; x_wconf 91' lang='lat'>.</span> <span class='ocrx_word' id='word_1_120' title='bbox 1218 1544 1225 1552; x_wconf 66' lang='grc'>,</span> <span class='ocrx_word' id='word_1_121' title='bbox 1431 1527 1441 1538; x_wconf 91' lang='grc'>·</span> <span class='ocrx_word' id='word_1_122' title='bbox 1915 1526 1926 1537; x_wconf 88' lang='grc'><em>·</em></span> <span class='ocrx_word' id='word_1_123' title='bbox 2461 1529 2478 1553; x_wconf 74' lang='grc' dir='ltr'><em>γ</em></span> 
     </span>
    </p>

    <p class='ocr_par' dir='ltr' id='par_1_6' title="bbox 469 1526 2689 1853">
     <span class='ocr_line' id='line_1_14' title="bbox 471 1526 2689 1655; baseline -0.001 -12"><span class='ocrx_word' id='word_1_124' title='bbox 471 1526 1602 1646; x_wconf 47' lang='lat' dir='ltr'><strong>221¹&amp;ssaffiissffl&#39;rissztssfssicf‘ffif&#39;zessf</strong></span> <span class='ocrx_word' id='word_1_125' title='bbox 1608 1526 2689 1655; x_wconf 49' lang='lat' dir='ltr'><strong>³2:322,1P53352?.⁰¹¹50‘2222G4¹11¹13‚332ss311</strong></span> 
     </span>
     <span class='ocr_line' id='line_1_15' title="bbox 470 1654 2685 1719; baseline -0.002 -10"><span class='ocrx_word' id='word_1_126' title='bbox 470 1661 590 1711; x_wconf 78' lang='lat' dir='ltr'><strong>Pal.</strong></span> <span class='ocrx_word' id='word_1_127' title='bbox 618 1660 753 1709; x_wconf 84' lang='lat' dir='ltr'><strong>Prie.</strong></span> <span class='ocrx_word' id='word_1_128' title='bbox 779 1660 922 1708; x_wconf 83' lang='lat' dir='ltr'><strong>Rott.</strong></span> <span class='ocrx_word' id='word_1_129' title='bbox 952 1658 1113 1706; x_wconf 77' lang='lat' dir='ltr'><strong>Oisel.</strong></span> <span class='ocrx_word' id='word_1_130' title='bbox 1137 1658 1238 1707; x_wconf 91' lang='lat' dir='ltr'><strong>duo</strong></span> <span class='ocrx_word' id='word_1_131' title='bbox 1263 1655 1433 1707; x_wconf 84' lang='lat' dir='ltr'><strong>Oxou.</strong></span> <span class='ocrx_word' id='word_1_132' title='bbox 1475 1658 1563 1719; x_wconf 89' lang='lat' dir='ltr'><strong>qui</strong></span> <span class='ocrx_word' id='word_1_133' title='bbox 1602 1662 1656 1704; x_wconf 88' lang='lat' dir='ltr'><strong>et</strong></span> <span class='ocrx_word' id='word_1_134' title='bbox 1676 1654 1870 1714; x_wconf 76' lang='lat' dir='ltr'><strong>feriunt</strong></span> <span class='ocrx_word' id='word_1_135' title='bbox 1909 1656 2121 1705; x_wconf 77' lang='lat' dir='ltr'><strong>habent.</strong></span> <span class='ocrx_word' id='word_1_136' title='bbox 2162 1654 2353 1713; x_wconf 78' lang='lat' dir='ltr'><strong>feriant</strong></span> <span class='ocrx_word' id='word_1_137' title='bbox 2391 1656 2510 1705; x_wconf 87' lang='lat' dir='ltr'><strong>Pat.</strong></span> <span class='ocrx_word' id='word_1_138' title='bbox 2533 1656 2685 1705; x_wconf 82' lang='lat' dir='ltr'><strong>Prie.</strong></span> 
     </span>
     <span class='ocr_line' id='line_1_16' title="bbox 469 1719 2688 1785; baseline -0.002 -11"><span class='ocrx_word' id='word_1_139' title='bbox 469 1740 538 1777; x_wconf 86' lang='lat' dir='ltr'><strong>m.</strong></span> <span class='ocrx_word' id='word_1_140' title='bbox 562 1739 665 1774; x_wconf 86' lang='lat' dir='ltr'><strong>sec.</strong></span> <span class='ocrx_word' id='word_1_141' title='bbox 690 1724 915 1772; x_wconf 82' lang='lat' dir='ltr'><strong>Florent.</strong></span> <span class='ocrx_word' id='word_1_142' title='bbox 939 1723 1155 1785; x_wconf 77' lang='lat' dir='ltr'><strong>Raphel.</strong></span> <span class='ocrx_word' id='word_1_143' title='bbox 1209 1726 1333 1770; x_wconf 81' lang='lat' dir='ltr'><strong>rotet</strong></span> <span class='ocrx_word' id='word_1_144' title='bbox 1356 1727 1413 1770; x_wconf 91' lang='lat' dir='ltr'><strong>et</strong></span> <span class='ocrx_word' id='word_1_145' title='bbox 1433 1721 1625 1782; x_wconf 79' lang='lat' dir='ltr'><strong>feriunt</strong></span> <span class='ocrx_word' id='word_1_146' title='bbox 1648 1720 1774 1781; x_wconf 83' lang='lat' dir='ltr'><strong>legit</strong></span> <span class='ocrx_word' id='word_1_147' title='bbox 1798 1719 1978 1770; x_wconf 87' lang='lat' dir='ltr'><strong>Heius.</strong></span> <span class='ocrx_word' id='word_1_148' title='bbox 2018 1720 2202 1783; x_wconf 71' lang='lat' dir='ltr'><strong>fluctus</strong></span> <span class='ocrx_word' id='word_1_149' title='bbox 2231 1722 2350 1770; x_wconf 82' lang='lat' dir='ltr'><strong>Vat.</strong></span> <span class='ocrx_word' id='word_1_150' title='bbox 2393 1735 2497 1770; x_wconf 85' lang='lat' dir='ltr'><strong>sec.</strong></span> <span class='ocrx_word' id='word_1_151' title='bbox 2548 1721 2688 1771; x_wconf 72' lang='lat' dir='ltr'><strong>venti</strong></span> 
     </span>
     <span class='ocr_line' id='line_1_17' title="bbox 469 1784 2222 1853; baseline -0.002 -15"><span class='ocrx_word' id='word_1_152' title='bbox 469 1790 552 1838; x_wconf 80' lang='lat' dir='ltr'><strong>vel</strong></span> <span class='ocrx_word' id='word_1_153' title='bbox 573 1789 754 1853; x_wconf 76' lang='lat' dir='ltr'><strong>fluetus</strong></span> <span class='ocrx_word' id='word_1_154' title='bbox 774 1789 894 1836; x_wconf 87' lang='lat' dir='ltr'><strong>Vat.</strong></span> <span class='ocrx_word' id='word_1_155' title='bbox 919 1793 1042 1836; x_wconf 88' lang='lat' dir='ltr'><strong>tert.</strong></span> <span class='ocrx_word' id='word_1_156' title='bbox 1069 1786 1277 1835; x_wconf 85' lang='lat' dir='ltr'><strong>ultimus</strong></span> <span class='ocrx_word' id='word_1_157' title='bbox 1300 1786 1385 1834; x_wconf 88' lang='lat' dir='ltr'><strong>hic</strong></span> <span class='ocrx_word' id='word_1_158' title='bbox 1412 1800 1594 1834; x_wconf 84' lang='lat' dir='ltr'><strong>versus</strong></span> <span class='ocrx_word' id='word_1_159' title='bbox 1618 1785 1767 1833; x_wconf 88' lang='lat' dir='ltr'><strong>deest</strong></span> <span class='ocrx_word' id='word_1_160' title='bbox 1787 1784 1839 1832; x_wconf 90' lang='lat' dir='ltr'><strong>in</strong></span> <span class='ocrx_word' id='word_1_161' title='bbox 1863 1784 2007 1834; x_wconf 89' lang='lat' dir='ltr'><strong>Med.</strong></span> <span class='ocrx_word' id='word_1_162' title='bbox 2024 1792 2222 1850; x_wconf 85' lang='lat' dir='ltr'><strong>quarto.</strong></span> 
     </span>
    </p>

    <p class='ocr_par' dir='ltr' id='par_1_7' title="bbox 466 1849 2691 2175">
     <span class='ocr_line' id='line_1_18' title="bbox 534 1849 2683 1915; baseline -0.001 -12"><span class='ocrx_word' id='word_1_163' title='bbox 534 1854 597 1904; x_wconf 90' lang='lat' dir='ltr'><strong>In</strong></span> <span class='ocrx_word' id='word_1_164' title='bbox 620 1851 840 1902; x_wconf 86' lang='lat' dir='ltr'><strong>Lucensi</strong></span> <span class='ocrx_word' id='word_1_165' title='bbox 879 1866 985 1901; x_wconf 88' lang='lat' dir='ltr'><strong>sec.</strong></span> <span class='ocrx_word' id='word_1_166' title='bbox 1009 1858 1127 1915; x_wconf 87' lang='lat' dir='ltr'><strong>post</strong></span> <span class='ocrx_word' id='word_1_167' title='bbox 1164 1851 1323 1899; x_wconf 85' lang='lat' dir='ltr'><strong>libros</strong></span> <span class='ocrx_word' id='word_1_168' title='bbox 1362 1850 1415 1898; x_wconf 88' lang='lat' dir='ltr'><strong>iu</strong></span> <span class='ocrx_word' id='word_1_169' title='bbox 1440 1849 1683 1899; x_wconf 82' lang='lat' dir='ltr'><strong>Rufinum</strong></span> <span class='ocrx_word' id='word_1_170' title='bbox 1720 1849 2070 1913; x_wconf 86' lang='lat' dir='ltr'><strong>sequebantur</strong></span> <span class='ocrx_word' id='word_1_171' title='bbox 2091 1850 2210 1898; x_wconf 82' lang='lat' dir='ltr'><strong>libri</strong></span> <span class='ocrx_word' id='word_1_172' title='bbox 2251 1850 2304 1898; x_wconf 90' lang='lat' dir='ltr'><strong>in</strong></span> <span class='ocrx_word' id='word_1_173' title='bbox 2344 1849 2683 1913; x_wconf 83' lang='lat' dir='ltr'><strong>Eutropium.</strong></span> 
     </span>
     <span class='ocr_line' id='line_1_19' title="bbox 467 1914 2691 1978; baseline -0.003 -10"><span class='ocrx_word' id='word_1_174' title='bbox 467 1919 534 1968; x_wconf 89' lang='lat' dir='ltr'><strong>In</strong></span> <span class='ocrx_word' id='word_1_175' title='bbox 555 1917 801 1968; x_wconf 87' lang='lat' dir='ltr'><strong>Vicetina</strong></span> <span class='ocrx_word' id='word_1_176' title='bbox 820 1916 886 1965; x_wconf 87' lang='lat' dir='ltr'><strong>de</strong></span> <span class='ocrx_word' id='word_1_177' title='bbox 910 1917 1058 1964; x_wconf 88' lang='lat' dir='ltr'><strong>Bello</strong></span> <span class='ocrx_word' id='word_1_178' title='bbox 1081 1915 1376 1977; x_wconf 87' lang='lat' dir='ltr'><strong>Gildonico,</strong></span> <span class='ocrx_word' id='word_1_179' title='bbox 1394 1928 1493 1963; x_wconf 88' lang='lat' dir='ltr'><strong>nec</strong></span> <span class='ocrx_word' id='word_1_180' title='bbox 1519 1928 1616 1962; x_wconf 90' lang='lat' dir='ltr'><strong>non</strong></span> <span class='ocrx_word' id='word_1_181' title='bbox 1641 1914 1692 1961; x_wconf 89' lang='lat' dir='ltr'><strong>iu</strong></span> <span class='ocrx_word' id='word_1_182' title='bbox 1719 1914 1993 1978; x_wconf 83' lang='lat' dir='ltr'><strong>Excerptis</strong></span> <span class='ocrx_word' id='word_1_183' title='bbox 2010 1914 2172 1974; x_wconf 76' lang='lat' dir='ltr'><strong>Laeti3</strong></span> <span class='ocrx_word' id='word_1_184' title='bbox 2208 1922 2265 1963; x_wconf 90' lang='lat' dir='ltr'><strong>et</strong></span> <span class='ocrx_word' id='word_1_185' title='bbox 2303 1915 2354 1962; x_wconf 86' lang='lat' dir='ltr'><strong>in</strong></span> <span class='ocrx_word' id='word_1_186' title='bbox 2388 1915 2519 1963; x_wconf 81' lang='lat' dir='ltr'><strong>Laeti</strong></span> <span class='ocrx_word' id='word_1_187' title='bbox 2547 1917 2691 1972; x_wconf 49' lang='lat' dir='ltr'><strong>Exc„</strong></span> 
     </span>
     <span class='ocr_line' id='line_1_20' title="bbox 469 1978 2688 2043; baseline -0.001 -11"><span class='ocrx_word' id='word_1_188' title='bbox 469 1998 585 2032; x_wconf 86' lang='lat' dir='ltr'><strong>cum</strong></span> <span class='ocrx_word' id='word_1_189' title='bbox 604 1983 700 2031; x_wconf 83' lang='lat' dir='ltr'><strong>hac</strong></span> <span class='ocrx_word' id='word_1_190' title='bbox 723 1981 1061 2043; x_wconf 80' lang='lat' dir='ltr'><strong>inscriptione</strong></span> <span class='ocrx_word' id='word_1_191' title='bbox 1084 1981 1255 2030; x_wconf 72' lang='grc' dir='ltr'><strong>ΒΕιιι</strong></span> <span class='ocrx_word' id='word_1_192' title='bbox 1280 1980 1490 2029; x_wconf 78' lang='lat' dir='ltr'><strong>Crvims</strong></span> <span class='ocrx_word' id='word_1_193' title='bbox 1514 1979 1632 2027; x_wconf 81' lang='lat' dir='ltr'><strong>Lm.</strong></span> <span class='ocrx_word' id='word_1_194' title='bbox 1653 1991 1902 2039; x_wconf 66' lang='grc' dir='ltr'><strong>ΤΕιιτιυε,</strong></span> <span class='ocrx_word' id='word_1_195' title='bbox 1927 1978 2139 2041; x_wconf 83' lang='lat' dir='ltr'><strong>praefixa</strong></span> <span class='ocrx_word' id='word_1_196' title='bbox 2163 1979 2309 2028; x_wconf 84' lang='lat' dir='ltr'><strong>simul</strong></span> <span class='ocrx_word' id='word_1_197' title='bbox 2334 1978 2688 2043; x_wconf 81' lang='lat' dir='ltr'><strong>Praefatione,</strong></span> 
     </span>
     <span class='ocr_line' id='line_1_21' title="bbox 470 2042 2686 2111; baseline -0.001 -16"><span class='ocrx_word' id='word_1_198' title='bbox 470 2063 585 2111; x_wconf 84' lang='lat' dir='ltr'><strong>quae</strong></span> <span class='ocrx_word' id='word_1_199' title='bbox 632 2060 769 2095; x_wconf 86' lang='lat' dir='ltr'><strong>nunc</strong></span> <span class='ocrx_word' id='word_1_200' title='bbox 809 2053 929 2094; x_wconf 83' lang='lat' dir='ltr'><strong>ante</strong></span> <span class='ocrx_word' id='word_1_201' title='bbox 958 2045 1070 2093; x_wconf 87' lang='lat' dir='ltr'><strong>Lib.</strong></span> <span class='ocrx_word' id='word_1_202' title='bbox 1095 2058 1156 2092; x_wconf 86' lang='lat'><strong>11.</strong></span> <span class='ocrx_word' id='word_1_203' title='bbox 1202 2045 1254 2091; x_wconf 89' lang='lat' dir='ltr'><strong>in</strong></span> <span class='ocrx_word' id='word_1_204' title='bbox 1291 2043 1537 2092; x_wconf 89' lang='lat' dir='ltr'><strong>Rufinum</strong></span> <span class='ocrx_word' id='word_1_205' title='bbox 1585 2042 1790 2104; x_wconf 85' lang='lat' dir='ltr'><strong>legitur.</strong></span> <span class='ocrx_word' id='word_1_206' title='bbox 1855 2044 1919 2092; x_wconf 89' lang='lat' dir='ltr'><strong>ln</strong></span> <span class='ocrx_word' id='word_1_207' title='bbox 1942 2044 2134 2095; x_wconf 87' lang='lat' dir='ltr'><strong>Moret.</strong></span> <span class='ocrx_word' id='word_1_208' title='bbox 2157 2058 2262 2094; x_wconf 86' lang='lat' dir='ltr'><strong>sec.</strong></span> <span class='ocrx_word' id='word_1_209' title='bbox 2282 2051 2396 2094; x_wconf 89' lang='lat' dir='ltr'><strong>erat</strong></span> <span class='ocrx_word' id='word_1_210' title='bbox 2420 2054 2686 2095; x_wconf 63' lang='lat' dir='ltr'><strong>expuen-</strong></span> 
     </span>
     <span class='ocr_line' id='line_1_22' title="bbox 466 2107 1769 2175; baseline -0.003 -14"><span class='ocrx_word' id='word_1_211' title='bbox 466 2126 689 2174; x_wconf 77' lang='lat' dir='ltr'><strong>nwgnum</strong></span> <span class='ocrx_word' id='word_1_212' title='bbox 708 2126 822 2175; x_wconf 69' lang='lat' dir='ltr'><strong>opus</strong></span> <span class='ocrx_word' id='word_1_213' title='bbox 844 2109 1094 2159; x_wconf 79' lang='lat' dir='ltr'><strong>Claudiani</strong></span> <span class='ocrx_word' id='word_1_214' title='bbox 1117 2108 1394 2157; x_wconf 74' lang='lat' dir='ltr'><strong>nobilissimi</strong></span> <span class='ocrx_word' id='word_1_215' title='bbox 1420 2107 1769 2172; x_wconf 66' lang='lat' dir='ltr'><strong>versificatoris.</strong></span> 
     </span>
    </p>
   </div>
   <div class='ocr_carea' id='block_1_6' title="bbox 1454 2245 1669 2296">
    <p class='ocr_par' dir='ltr' id='par_1_8' title="bbox 1454 2245 1669 2296">
     <span class='ocr_line' id='line_1_23' title="bbox 1454 2245 1669 2296; baseline -0.014 0"><span class='ocrx_word' id='word_1_216' title='bbox 1454 2245 1669 2296; x_wconf 81' lang='lat' dir='ltr'>NOTAE</span> 
     </span>
    </p>
   </div>
   <div class='ocr_carea' id='block_1_7' title="bbox 467 2352 2689 2646">
    <p class='ocr_par' dir='ltr' id='par_1_9' title="bbox 467 2352 2689 2418">
     <span class='ocr_line' id='line_1_24' title="bbox 467 2352 2689 2418; baseline 0 -15"><span class='ocrx_word' id='word_1_217' title='bbox 467 2354 648 2404; x_wconf 81' lang='lat' dir='ltr'><strong>dixere</strong></span> <span class='ocrx_word' id='word_1_218' title='bbox 671 2353 824 2402; x_wconf 85' lang='lat' dir='ltr'><strong>chaos</strong></span> <span class='ocrx_word' id='word_1_219' title='bbox 843 2368 856 2401; x_wconf 73' lang='grc' dir='ltr'><strong>ι</strong></span> <span class='ocrx_word' id='word_1_220' title='bbox 881 2353 1022 2401; x_wconf 86' lang='lat' dir='ltr'><strong>rudis</strong></span> <span class='ocrx_word' id='word_1_221' title='bbox 1047 2352 1407 2416; x_wconf 82' lang='lat' dir='ltr'><strong>indigestaque</strong></span> <span class='ocrx_word' id='word_1_222' title='bbox 1425 2365 1531 2401; x_wconf 88' lang='lat' dir='ltr'><strong>mo·</strong></span> <span class='ocrx_word' id='word_1_223' title='bbox 1614 2367 1735 2418; x_wconf 86' lang='lat' dir='ltr'><strong>que,</strong></span> <span class='ocrx_word' id='word_1_224' title='bbox 1759 2360 1817 2402; x_wconf 86' lang='lat' dir='ltr'><strong>ut</strong></span> <span class='ocrx_word' id='word_1_225' title='bbox 1850 2368 2058 2418; x_wconf 81' lang='lat' dir='ltr'><strong>semper</strong></span> <span class='ocrx_word' id='word_1_226' title='bbox 2080 2354 2308 2403; x_wconf 83' lang='lat' dir='ltr'><strong>anhelitu</strong></span> <span class='ocrx_word' id='word_1_227' title='bbox 2329 2353 2549 2417; x_wconf 84' lang='lat' dir='ltr'><strong>laboret,</strong></span> <span class='ocrx_word' id='word_1_228' title='bbox 2579 2367 2689 2404; x_wconf 86' lang='lat' dir='ltr'><strong>nec</strong></span> 
     </span>
    </p>

    <p class='ocr_par' dir='ltr' id='par_1_10' title="bbox 467 2428 2318 2495">
     <span class='ocr_line' id='line_1_25' title="bbox 467 2428 2318 2495; baseline 0 -15"><span class='ocrx_word' id='word_1_229' title='bbox 467 2428 583 2482; x_wconf 67' lang='lat' dir='ltr'><strong>les!</strong></span> <span class='ocrx_word' id='word_1_230' title='bbox 645 2430 661 2457; x_wconf 91' lang='lat'>‘</span> <span class='ocrx_word' id='word_1_231' title='bbox 686 2429 791 2479; x_wconf 85' lang='lat' dir='ltr'><strong>Ubi</strong></span> <span class='ocrx_word' id='word_1_232' title='bbox 829 2430 998 2480; x_wconf 84' lang='lat' dir='ltr'><strong>nullus</strong></span> <span class='ocrx_word' id='word_1_233' title='bbox 1033 2429 1181 2492; x_wconf 86' lang='lat' dir='ltr'><strong>ord0,</strong></span> <span class='ocrx_word' id='word_1_234' title='bbox 1215 2430 1307 2479; x_wconf 89' lang='lat' dir='ltr'><strong>sed</strong></span> <span class='ocrx_word' id='word_1_235' title='bbox 1346 2429 1532 2495; x_wconf 86' lang='lat' dir='ltr'><strong>sempi·</strong></span> <span class='ocrx_word' id='word_1_236' title='bbox 1615 2443 1837 2494; x_wconf 86' lang='lat' dir='ltr'><strong>unquam</strong></span> <span class='ocrx_word' id='word_1_237' title='bbox 1863 2429 2113 2494; x_wconf 83' lang='lat' dir='ltr'><strong>respirare</strong></span> <span class='ocrx_word' id='word_1_238' title='bbox 2139 2430 2318 2493; x_wconf 86' lang='lat' dir='ltr'><strong>possit.</strong></span> 
     </span>
    </p>

    <p class='ocr_par' dir='ltr' id='par_1_11' title="bbox 468 2504 2684 2646">
     <span class='ocr_line' id='line_1_26' title="bbox 468 2504 2684 2572; baseline 0.001 -16"><span class='ocrx_word' id='word_1_239' title='bbox 468 2513 648 2566; x_wconf 74' lang='lat' dir='ltr'><strong>ternus</strong></span> <span class='ocrx_word' id='word_1_240' title='bbox 667 2507 846 2556; x_wconf 89' lang='lat' dir='ltr'><strong>horror</strong></span> <span class='ocrx_word' id='word_1_241' title='bbox 867 2504 1162 2555; x_wconf 65' lang='lat' dir='ltr'><strong>inhabitat!</strong></span> <span class='ocrx_word' id='word_1_242' title='bbox 1210 2504 1333 2556; x_wconf 83' lang='lat' dir='ltr'><strong>Job.</strong></span> <span class='ocrx_word' id='word_1_243' title='bbox 1676 2511 1771 2555; x_wconf 81' lang='lat'><strong>527</strong></span> <span class='ocrx_word' id='word_1_244' title='bbox 1807 2508 1938 2556; x_wconf 77' lang='lat' dir='ltr'><strong>Dum</strong></span> <span class='ocrx_word' id='word_1_245' title='bbox 1959 2511 2080 2555; x_wconf 80' lang='lat' dir='ltr'><strong>rotet</strong></span> <span class='ocrx_word' id='word_1_246' title='bbox 2100 2505 2252 2570; x_wconf 78' lang='lat' dir='ltr'><strong>astra]</strong></span> <span class='ocrx_word' id='word_1_247' title='bbox 2318 2507 2382 2556; x_wconf 89' lang='lat' dir='ltr'><strong>Id</strong></span> <span class='ocrx_word' id='word_1_248' title='bbox 2421 2512 2523 2572; x_wconf 86' lang='lat' dir='ltr'><strong>est,</strong></span> <span class='ocrx_word' id='word_1_249' title='bbox 2545 2521 2684 2560; x_wconf 85' lang='lat' dir='ltr'><strong>sem·</strong></span> 
     </span>
     <span class='ocr_line' id='line_1_27' title="bbox 531 2579 2094 2646; baseline -0.003 -11"><span class='ocrx_word' id='word_1_250' title='bbox 531 2588 629 2635; x_wconf 72' lang='lat'><strong>⁵26</strong></span> <span class='ocrx_word' id='word_1_251' title='bbox 670 2579 895 2644; x_wconf 72' lang='lat' dir='ltr'><strong>Anhelet]</strong></span> <span class='ocrx_word' id='word_1_252' title='bbox 942 2581 1221 2645; x_wconf 76' lang='lat' dir='ltr'><strong>ltagemat</strong></span> <span class='ocrx_word' id='word_1_253' title='bbox 1242 2587 1531 2646; x_wconf 84' lang='lat' dir='ltr'><strong>prematur·</strong></span> <span class='ocrx_word' id='word_1_254' title='bbox 1612 2597 1728 2646; x_wconf 88' lang='lat' dir='ltr'><strong>per,</strong></span> <span class='ocrx_word' id='word_1_255' title='bbox 1747 2583 1800 2631; x_wconf 90' lang='lat' dir='ltr'><strong>in</strong></span> <span class='ocrx_word' id='word_1_256' title='bbox 1824 2589 2094 2633; x_wconf 87' lang='lat' dir='ltr'><strong>aeteruum.</strong></span> 
     </span>
    </p>
   </div>
   <div class='ocr_carea' id='block_1_8' title="bbox 777 2771 2359 2824">
    <p class='ocr_par' dir='ltr' id='par_1_12' title="bbox 777 2771 2359 2824">
     <span class='ocr_line' id='line_1_28' title="bbox 777 2771 2359 2824; baseline 0.001 -2"><span class='ocrx_word' id='word_1_257' title='bbox 777 2773 882 2823; x_wconf 86' lang='lat' dir='ltr'><strong>DE</strong></span> <span class='ocrx_word' id='word_1_258' title='bbox 913 2772 1168 2823; x_wconf 82' lang='lat' dir='ltr'>UXORE</span> <span class='ocrx_word' id='word_1_259' title='bbox 1212 2773 1306 2822; x_wconf 83' lang='lat' dir='ltr'><strong>ET</strong></span> <span class='ocrx_word' id='word_1_260' title='bbox 1340 2771 1542 2822; x_wconf 80' lang='lat' dir='ltr'><strong>FILIA</strong></span> <span class='ocrx_word' id='word_1_261' title='bbox 1577 2772 1838 2823; x_wconf 87' lang='lat' dir='ltr'>RUFINI</span> <span class='ocrx_word' id='word_1_262' title='bbox 1873 2772 2359 2824; x_wconf 86' lang='lat' dir='ltr'><strong>OBSERVATIO.</strong></span> 
     </span>
    </p>
   </div>
   <div class='ocr_carea' id='block_1_9' title="bbox 465 2886 2685 3114">
    <p class='ocr_par' dir='ltr' id='par_1_13' title="bbox 465 2886 2685 3114">
     <span class='ocr_line' id='line_1_29' title="bbox 528 2886 2682 2953; baseline 0.002 -17"><span class='ocrx_word' id='word_1_263' title='bbox 528 2887 742 2936; x_wconf 85' lang='lat' dir='ltr'><strong>Mortuo</strong></span> <span class='ocrx_word' id='word_1_264' title='bbox 764 2886 971 2947; x_wconf 81' lang='lat' dir='ltr'><strong>Rufino,</strong></span> <span class='ocrx_word' id='word_1_265' title='bbox 994 2894 1050 2934; x_wconf 88' lang='lat' dir='ltr'><strong>et</strong></span> <span class='ocrx_word' id='word_1_266' title='bbox 1080 2888 1137 2935; x_wconf 80' lang='lat' dir='ltr'><strong>in</strong></span> <span class='ocrx_word' id='word_1_267' title='bbox 1152 2886 1322 2936; x_wconf 84' lang='lat' dir='ltr'><strong>frusta</strong></span> <span class='ocrx_word' id='word_1_268' title='bbox 1342 2888 1625 2952; x_wconf 84' lang='lat' dir='ltr'><strong>discerpto,</strong></span> <span class='ocrx_word' id='word_1_269' title='bbox 1662 2905 1792 2939; x_wconf 82' lang='lat' dir='ltr'><strong>uxor</strong></span> <span class='ocrx_word' id='word_1_270' title='bbox 1813 2890 1943 2953; x_wconf 86' lang='lat' dir='ltr'><strong>ejus,</strong></span> <span class='ocrx_word' id='word_1_271' title='bbox 1978 2895 2033 2938; x_wconf 86' lang='lat' dir='ltr'><strong>et</strong></span> <span class='ocrx_word' id='word_1_272' title='bbox 2072 2887 2196 2953; x_wconf 77' lang='lat' dir='ltr'><strong>filia,</strong></span> <span class='ocrx_word' id='word_1_273' title='bbox 2225 2896 2373 2939; x_wconf 89' lang='lat' dir='ltr'><strong>metu</strong></span> <span class='ocrx_word' id='word_1_274' title='bbox 2407 2902 2573 2953; x_wconf 72' lang='lat' dir='ltr'><strong>poenae</strong></span> <span class='ocrx_word' id='word_1_275' title='bbox 2607 2890 2682 2941; x_wconf 79' lang='lat' dir='ltr'><strong>ad</strong></span> 
     </span>
     <span class='ocr_line' id='line_1_30' title="bbox 465 2959 2685 3038; baseline 0.003 -20"><span class='ocrx_word' id='word_1_276' title='bbox 465 2967 927 3032; x_wconf 71' lang='lat' dir='ltr'><strong>Ecclesiam,ye11=t</strong></span> <span class='ocrx_word' id='word_1_277' title='bbox 965 2969 1031 3017; x_wconf 86' lang='lat' dir='ltr'><strong>ad</strong></span> <span class='ocrx_word' id='word_1_278' title='bbox 1066 2969 1284 3032; x_wconf 83' lang='lat' dir='ltr'><strong>asylum,</strong></span> <span class='ocrx_word' id='word_1_279' title='bbox 1319 2968 1681 3033; x_wconf 84' lang='lat' dir='ltr'><strong>confugerunt.</strong></span> <span class='ocrx_word' id='word_1_280' title='bbox 1747 2972 1879 3022; x_wconf 87' lang='lat' dir='ltr'><strong>Inde</strong></span> <span class='ocrx_word' id='word_1_281' title='bbox 1907 2971 2217 3037; x_wconf 80' lang='lat' dir='ltr'><strong>navigarunt</strong></span> <span class='ocrx_word' id='word_1_282' title='bbox 2238 2959 2685 3038; x_wconf 74' lang='lat' dir='ltr'><strong>Hierosolymam,</strong></span> 
     </span>
     <span class='ocr_line' id='line_1_31' title="bbox 465 3048 1665 3114; baseline 0.003 -15"><span class='ocrx_word' id='word_1_283' title='bbox 465 3048 553 3099; x_wconf 87' lang='lat' dir='ltr'><strong>ubi</strong></span> <span class='ocrx_word' id='word_1_284' title='bbox 574 3048 825 3113; x_wconf 81' lang='lat' dir='ltr'><strong>reliquum</strong></span> <span class='ocrx_word' id='word_1_285' title='bbox 850 3048 971 3098; x_wconf 83' lang='lat' dir='ltr'><strong>vitae</strong></span> <span class='ocrx_word' id='word_1_286' title='bbox 995 3062 1101 3099; x_wconf 82' lang='lat' dir='ltr'><strong>suae</strong></span> <span class='ocrx_word' id='word_1_287' title='bbox 1125 3055 1332 3113; x_wconf 85' lang='lat' dir='ltr'><strong>tempus</strong></span> <span class='ocrx_word' id='word_1_288' title='bbox 1355 3057 1665 3114; x_wconf 81' lang='lat' dir='ltr'><strong>exegerunt.</strong></span> 
     </span>
    </p>
   </div>
  </div>
 </body>
</html>
