2925 4928
942 442 1020 507 ni
1073 444 1428 507 nunu-'snm
1484 457 1630 505 ma.
1683 443 1732 504 i.

2305 422 2440 505 m?

315 586 474 664 Otia
504 604 591 678 te,
625 599 891 678 Rufine,
916 600 1208 684 juvanti
1258 601 1630 683 frustraque
1650 573 1956 685 juventae*
2304 582 2443 665 140

233 701 586 767 Consumis
613 705 836 767 florem
871 706 1105 786 patriis
1136 705 1451 785 inglorius
1484 705 1665 766 arvis
1685 704 1715 765 ‘t

233 804 386 869 Heu
414 809 636 870 nescis
669 806 832 890 quid
863 808 1001 870 fata
1041 808 1187 884 tibi,
1223 808 1374 890 quid
1411 807 1625 870 sidera
1656 805 1916 882 donent,

232 906 409 986 Quid
441 910 706 975 fortuna
737 919 954 994 paret:
1000 913 1117 974 toti
1153 912 1572 974 dominabere
1601 909 1869 984 mund0‚

231 1010 301 1073 Si
331 1032 566 1094 parere
600 1016 784 1078 velis.
878 1013 1080 1077 Attus
1109 1034 1190 1076 ne
1223 1034 1456 1097 sperne
1491 1014 1755 1076 seniles.

231 1111 544 1196 Namque
573 1115 731 1178 mihi
759 1100 1039 1196 magicae
1071 1118 1555 1199 vireS,-aevique
1584 1115 1789 1178 futuri

234 1213 568 1279 Praescius
601 1218 795 1280 ardor
823 1219 1024 1282 inest?
1069 1220 1227 1281 novi
1260 1237 1394 1300 quo
1424 1218 1760 1280 Thessala
1790 1220 1984 1280 cantu

234 1315 497 1399 Eripiat
525 1319 756 1383 lunare
778 1320 999 1403 jubar,
1031 1321 1192 1405 quid
1225 1322 1418 1401 signa
1446 1321 1707 1402 sagacis

237 1408 512 1504 AEgypti
542 1423 837 1499 valeant,
863 1443 997 1506 qua
1025 1443 1181 1505 gens
1212 1421 1534 1486 Chaldaea
1564 1423 1821 1487 vocatis

237 1522 527 1617 lmperet
558 1534 696 1590 arte
728 1526 930 1591 Deis:
975 1546 1097 1590 nec
1127 1546 1233 1588 me
1261 1527 1513 1589 latuere
1541 1525 1815 1591 fluentes

2308 1102 2442 1175 145

238 1662 424 1743 {erbaz
483 1673 531 1722 Ο
561 1676 753 1741 Rufine,
778 1691 841 1724 an
865 1676 1047 1740 requies
1068 1677 1157 1724 tibi
1173 1672 1362 1740 placet?
1397 1677 1466 1725 Et
1501 1677 1662 1739 perdis
1698 1677 1937 1725 inutiliter
1973 1675 2074 1723 sine
2092 1673 2247 1735 gloria
2272 1671 2448 1735 florem

238 1740 468 1788 oetatisin
491 1743 627 1801 agris
663 1743 837 1801 patrioe
878 1743 1011 1790 tuae?
1044 1740 1160 1791 Ah!
1206 1744 1399 1803 ignoras
1428 1744 1542 1805 quid
1569 1740 1686 1801 sata
1722 1744 1834 1791 deut
1869 1741 1977 1799 tibi,
2000 1739 2111 1802 quid
2134 1739 2316 1799 coelum,
2332 1736 2449 1799 qaid

228 1802 426 1864 fortuna
443 1803 716 1868 praeparet?
755 1806 1013 1870 Imperabis
1037 1807 1157 1854 Orbi
1177 1807 1411 1866 universo,
1443 1808 1486 1854 si
1509 1807 1621 1855 celis
1643 1807 1843 1854 obedire.
1914 1807 1989 1854 Ne
2005 1809 2267 1852 contemnas
2284 1815 2448 1863 corpus

238 1868 406 1917 debile
425 1873 569 1918 senis.
643 1872 838 1921 Etenim
876 1877 1003 1920 artes
1044 1871 1253 1933 Magicoe
1282 1875 1398 1919 *sunt
1438 1872 1576 1932 mihi,
1611 1877 1657 1920 et
1697 1873 1825 1933 ignis
1855 1871 2057 1919 divinus
2079 1881 2351 1930 cognoscens
2373 1881 2449 1914 res

229 1933 441 1994 futuras.
531 1936 741 1996 Cognati
778 1936 945 1999 quibus
982 1937 1344 1985 incantamentis
1385 1936 1520 1997 Saga
1555 1939 1756 1986 deducat
1793 1937 1976 1984 Lunam
2009 1934 2283 1982 micantem:
2335 1932 2451 1993 quid

235 2002 416 2062 prosint
456 1999 752 2050 characteres
773 2004 980 2066 AEgypti
1013 2002 1226 2051 solertis.-
1260 2017 1351 2064 qua
1387 2004 1571 2050 ratione
1607 2003 1739 2050 natio
1777 2002 1998 2049 Chaldaea
2036 2000 2300 2047 dominetur
2335 1996 2452 2045 Diis

1164 2112 1365 2133 “OOOOC
1373 2112 1521 2131 ‘Ouo

244 2179 369 2241 Exc.
390 2179 548 2228 Voss.
582 2180 829 2229 Heinsius
869 2182 1082 2243 corrigit
1107 2181 1536 2242 frustrane—141
1585 2179 1793 2229 absumis
1828 2179 2024 2231 Incert.
2059 2178 2243 2227 Heius,
2282 2175 2455 2238 patriis

243 2245 361 2293 Vat.
386 2245 492 2293 duo
517 2252 572 2294 et
611 2247 736 2294 Exc.
760 2245 913 2296 Laeti.
930 2247 1190 2309 patriisque
1228 2247 1461 2295 Floreat.
1507 2247 1651 2294 Rott.
1678 2246 1795 2294 Vat.
1836 2246 1958 2307 duo,
1996 2244 2113 2292 Pat.
2151 2241 2297 2290 armis
2335 2239 2452 2287 Pal.

244 2306 390 2375 Med.
412 2325 495 2373 pr.
519 2318 574 2358 et
601 2317 723 2359 tert.
748 2326 778 2359 a
802 2327 868 2361 m.
893 2327 970 2373 pr.
999 2313 1127 2360 Exc.
1153 2312 1372 2360 Lucens.
1397 2320 1451 2359 et
1472 2310 1556 2359 ed.
1581 2311 1919 2359 Vicat—142
1953 2311 2120 2357 donent
2153 2309 2254 2354 duo
2279 2306 2453 2354 Oxon.

246 2373 344 2422 duo
365 2375 516 2424 Leid.
536 2383 592 2423 et
616 2377 736 2425 Vat.
761 2376 928 2424 Livin.
968 2378 1137 2425 dederit
1182 2379 1307 2425 Exc.
1349 2377 1572 2425 Laneus,
1612 2390 1717 2425 sec.
1755 2374 1922 2423 debent
1965 2384 2067 2421 vet.
2093 2373 2222 2436 Gyr.
2262 2371 2456 2433 Isingr.

247 2441 416 2489 donent
441 2440 525 2489 vel
549 2442 715 2490 debent
739 2442 861 2491 Vat.
886 2456 962 2505 pr.
984 2446 1211 2505 spondent
1236 2443 1314 2490 vel
1335 2443 1504 2491 donent
1543 2441 1734 2491 Moret.
1777 2443 2018 2504 piu—143
2052 2440 2143 2486 toea·
2165 2434 2457 2485 dominabere

246 2508 413 2553 mando
438 2513 547 2554 tres
568 2506 717 2555 Med.
754 2512 853 2555 toto
893 2508 1119 2555 donabere
1154 2509 1324 2555 mando
1348 2507 1495 2556 Leid.
1534 2521 1613 2569 pr.
1647 2506 1768 2554 vat.
1806 2521 1883 2570 pr.
1910 2507 2052 2553 Rott.
2077 2503 2457 2552 Oisel.Thuan.

248 2570 480 2620 Florent.
507 2572 693 2620 Petav.
720 2581 840 2620 tert.
876 2573 999 2620 Vat.
1024 2572 1191 2621 Livin.
1216 2574 1407 2620 Moret.
1447 2587 1525 2635 pr.
1551 2588 1580 2620 a
1602 2587 1670 2619 m.
1711 2585 1818 2619 sec.
1845 2578 1898 2619 et
1929 2571 2128 2618 Incert.
2165 2567 2344 2615 Heins.
2366 2565 2458 2613 toti

248 2636 544 2684 dominabere
569 2638 651 2685 vel
671 2642 770 2685 toto
792 2637 1024 2685 donabere
1062 2638 1190 2699 Reg.
1231 2637 1354 2686 Put.
1376 2639 1564 2686 Petav.
1604 2651 1679 2697 pr.
1722 2637 1892 2683 Oxou.
1928 2649 2009 2697 pr.
2050 2638 2147 2680 toto
2165 2629 2461 2679 dominabere

254 2700 364 2748 Vat.
393 2708 569 2764 quart.
592 2701 695 2750 duo
719 2702 864 2751 Leid.
888 2704 980 2750 toti
1006 2703 1085 2749 vel
1120 2706 1219 2750 toto
1245 2701 1365 2751 Pat.
1405 2703 1695 2751 Low—144
1732 2716 1813 2749 nec
1835 2700 2020 2748 Petav.
2060 2712 2161 2745 sec.
2189 2704 2244 2744 et
2268 2696 2458 2743 Pan.—

251 2759 343 2815 146
375 2781 466 2827 quo
493 2767 575 2813 vel
597 2767 712 2829 quid
734 2768 905 2816 Oxou.
947 2782 1026 2829 pr.
1064 2768 1183 2831 quod
1205 2768 1289 2815 vel
1311 2783 1398 2831 quo
1437 2768 1729 2829 Bag—14⁷
1766 2765 1961 2829 Eripiat
1986 2764 2068 2812 vel
2093 2760 2320 2823 Excipiet
2346 2759 2461 2808 Flo-

250 2834 547 2881 rena—149
573 2831 778 2893 Imperet
801 2832 904 2880 duo
921 2834 1041 2882 Vat.
1062 2833 1207 2882 Rott.
1227 2831 1412 2882 Petav.
1476 2847 1513 2883 r.
1536 2831 1637 2879 duo
1660 2830 1839 2880 Ambr.
1863 2831 1992 2880 Exc.
2012 2829 2141 2877 Laeti
2159 2834 2214 2875 et
2238 2827 2462 2874 Luc-ene.

254 2907 356 2945 sec.
381 2894 508 2947 Ald.
541 2896 751 2960 Imperat
772 2896 946 2946 Oxou.
966 2911 1066 2946 sec.
1099 2895 1200 2947 duo
1240 2895 1389 2947 Leid.
1452 2913 1517 2947 uo
1538 2897 1661 2945 Vat.
1686 2895 1804 2946 Pal.
1843 2895 1998 2945 Farn.
2025 2893 2162 2943 Prie.
2187 2891 2352 2940 Oisel.
2388 2890 2465 2938 ita

1251 3020 1464 3069 NOTAE

315 3119 414 3166 142
461 3114 657 3177 Sidera]
704 3116 935 3165 Numina
979 3130 1093 3179 quae
1134 3115 1319 3164 coelum
1398 3131 1511 3165 rum
1552 3132 1696 3166 error
1738 3116 2063 3167 credentium
2087 3117 2279 3165 Lunam
2316 3127 2464 3178 posse

259 3195 496 3245 habitant
520 3193 774 3242 sideribus
793 3194 1109 3243 distinctum.
1170 3195 1322 3244 Cete-

261 3286 365 3320 rum
385 3271 560 3320 Poeta
576 3286 636 3319 ea
656 3272 834 3320 attulit
848 3272 1036 3333 onmia,
1054 3287 1119 3321 ex
1137 3272 1321 3337 quihus

260 3347 557 3411 Philosophi
571 3348 815 3412 judicant
834 3347 900 3395 de
925 3362 1093 3397 rerum
1118 3355 1323 3396 eventu.

264 3426 426 3474 Stoici
465 3424 609 3487 fatis,
649 3424 949 3474 Academici
995 3424 1167 3487 astris,
1204 3424 1324 3487 Epi·

265 3503 402 3551 curei
418 3500 646 3551 fortunae
660 3500 893 3549 'tribuunt
913 3513 1081 3551 rerum
1099 3499 1325 3549 omnium

264 3593 452 3629 musas.

326 3661 420 3706 144
453 3654 515 3703 Si
531 3669 703 3718 parere
719 3653 857 3717 velis]
889 3654 995 3704 Alii
1013 3654 1213 3716 legunt,
1233 3667 1327 3702 ser-

266 3733 377 3791 vire,
398 3746 498 3782 nec
530 3734 696 3780 maie:
735 3733 750 3758 ‘
773 3731 988 3779 Servilia
1010 3744 1197 3793 nempe
1221 3744 1326 3778 om·

268 3810 347 3860 nia
369 3826 462 3875 pro
485 3809 872 3860 dominatione.'
937 3809 1165 3857 Tacitus.

329 3893 424 3938 146
457 3880 709 3936 Ρνωεεὶιιέ
738 3887 904 3949 ardor]
937 3886 1189 3938 Quaedam
1215 3899 1329 3949 par-

274 3963 425 4014 ticnia
447 3965 574 4013 mihi
595 3972 677 4011 est
702 3964 835 4025 ignis
865 3962 1042 4024 divini,
1063 3978 1180 4027 quae
1202 3962 1332 4012 facit

274 4047 328 4090 ut
349 4042 613 4104 praesciam
641 4054 724 4089 res
746 4037 964 4092 futuras.

336 4119 573 4182 Thessala]
620 4116 778 4179 Saga,
823 4131 854 4165 a
893 4117 1174 4175 Thessalia,
1212 4130 1328 4181 quae

277 4194 506 4246 fecunda
532 4196 728 4259 Magis,
751 4194 1022 4259 herbisque
1047 4193 1307 4244 veneficis.

332 4277 422 4323 147
454 4270 683 4336 Enipeus]
725 4272 1002 4335 Detrahat,
1035 4272 1332 4335 avellatque

274 4350 457 4408 Lunam
478 4364 546 4403 ex
569 4349 727 4401 eoeio.
789 4348 957 4400 Vetus
978 4355 1062 4420 est
1081 4347 1336 4416 Antiquos

1401 3192 1592 3242 deduci
1644 3194 2060 3256 incantamentis,
2104 3200 2260 3255 atque
2310 3190 2466 3239 avelli

1403 3269 1574 3329 Coe103
1611 3269 1829 3333 ideoque
1868 3276 1927 3316 ut
1962 3276 2110 3317 tanto
2131 3267 2266 3316 malo
2288 3279 2467 3315 ocem·-

1403 3353 1596 3408 rerent,
1618 3345 1937 3394 adhibebant
1965 3345 2183 3393 tinnitus
2210 3355 2467 3406 sonosque

1405 3437 1540 3472 aens.

1471 3499 1650 3563 Signa]
1684 3500 2024 3549 Chai-actores
2044 3496 2256 3558 Magici‚
2273 3501 2361 3544 aut
2383 3508 2473 3543 nos

1408 3583 1476 3627 tae
1517 3575 1961 3640 Hieroglyphicae‚
1983 3589 2099 3638 qnae
2136 3573 2275 3622 varia
2299 3583 2471 3622 rerum

1403 3652 1595 3702 indicia
1617 3651 1968 3700 continebant.
2457 3663 2464 3672 ·

1473 3727 1699 3792 Sagacis]
1735 3727 1862 3789 AEgy
1871 3735 1987 3789 ptus
2009 3740 2188 3790 sagax,
2207 3741 2297 3775 seu
2317 3725 2476 3776 docta

1405 3805 1716 3868 appellatur,
1738 3804 1857 3868 quia
1894 3803 1983 3851 illa
2023 3803 2111 3852 diu
2131 3800 2307 3853 floruit
2327 3803 2477 3853 velut

1408 3890 1575 3931 mater
1599 3884 1822 3930 omnium
1846 3881 2251 3945 disciplinarum.

1476 3964 1571 4009 148
1605 3959 1739 4009 Gens
1777 3958 2022 4021 Chaldaea]
2056 3958 2276 4022 Magicis
2311 3957 2480 4007 ‘sacric-

1409 4035 1542 4086 ficiis
1565 4037 1791 4101 insignes
1815 4036 1934 4085 olim
1965 4035 2216 4085 Chaldaei.
2459 4059 2464 4064 ·

1478 4118 1573 4164 149
1632 4116 1837 4177 Imperet
1872 4112 2016 4176 Deis]
2066 4113 2265 4162 Evoce‘t
2309 4111 2481 4173 Deos,

1410 4191 1501 4255 qui
1525 4191 1756 4256 veniunt,
1796 4198 2043 4256 tanquam
2079 4188 2329 4240 obedi-ant
2360 4201 2480 4260 evo?

1412 4267 1669 4322 cantibus.
2461 4287 2466 4292 ·
