2925 4928
833 442 912 489 ΙΝ
962 439 1009 486 1.
1057 436 1264 485 coNS.
1311 431 1636 484 STlmcH.
1688 436 1832 484 Lm.
1883 437 1931 484 1.

287 587 534 654 Pacem
562 588 1114 657 conciliant-arae.
1205 581 1673 646 Penetralibus
1703 582 1921 664 ignem

285 691 635 758 Sacratum
663 709 943 774 rapuere
973 688 1214 772 adytis,
1244 688 1502 768 rituque
1535 683 1865 768 juvencos

286 792 602 860 Chaldaeo
629 801 921 859 stravere
955 791 1167 873 Magi.
1228 831 1231 836 -
1259 789 1415 854 Rex
1447 788 1597 872 ipse
1626 789 1985 855 micantem

284 896 572 968 Inclinat
602 897 837 961 dextra
863 901 1179 980 pateram,
1211 899 1593 975 secretaque
1622 892 1795 971 Beli,

285 999 370 1063 Et
392 1020 570 1083 vaga
598 1006 894 1065 testatur
920 993 1296 1064 volventem
1323 997 1544 1061 sidera
1571 995 1910 1061 Mithram.

284 1103 359 1167 Si
389 1103 659 1187 quando
692 1105 902 1167 sociis
934 1109 1158 1166 tecum
1186 1101 1539 1167 venatibus
1561 1101 1788 1177 ibant,

287 1205 461 1284 Quis
494 1206 854 1272 Stilichone
873 1206 1059 1290 prior
1082 1206 1253 1270 ferro
1277 1210 1623 1289 penetrare
1652 1204 1879 1268 leones
1903 1285 1916 1296 .

283 1306 627 1387 CominuS,
651 1315 774 1373 aut
794 1310 990 1392 longe
1021 1308 1317 1391 virgatas
1361 1303 1561 1389 figere
1580 1307 1790 1387 tigres
1812 1307 1841 1368 ‘t

2400 1204 2492 1269 65

284 1475 556 1526 Sabaeorum
573 1482 845 1539 componunt
864 1490 1042 1538 pacem.
1083 1475 1225 1537 Magi
1242 1475 1565 1537 corripuerunt
1587 1474 1747 1536 ignem
1765 1489 1948 1523 sacrum
1971 1488 2035 1522 ex
2053 1467 2279 1523 sacrariis
2292 1473 2495 1535 intimis,

283 1546 329 1589 et
350 1542 706 1591 immolaverunt
728 1540 859 1589 boves
877 1556 972 1604 pro
993 1555 1121 1589 more
1148 1542 1491 1589 Chaldaeorum.
1559 1540 1671 1588 Rex
1706 1540 1806 1601 ipse
1835 1540 2031 1587 invertit
2065 1543 2237 1588 dextra
2265 1544 2496 1587 craterem

279 1611 585 1669 gemmatum,
606 1612 654 1654 et
674 1606 954 1670 testificatur
975 1621 1148 1655 arcana
1170 1607 1300 1668 Beli,
1335 1610 1384 1654 et
1423 1606 1661 1654 Mithram
1690 1608 1932 1653 ducentem
1967 1610 2097 1652 astra
2118 1605 2345 1655 errantia.
2412 1604 2492 1668 St-

283 1674 464 1733 quando
488 1670 669 1721 Parthi
703 1671 923 1733 petebant
943 1676 1092 1719 tecum
1114 1671 1287 1719 sociam
1323 1670 1634 1732 venationem,
1668 1670 1775 1732 qais
1792 1671 2099 1732 praestantior
2118 1669 2361 1729 confodere
2383 1670 2495 1717 telis

283 1737 432 1785 leones
453 1752 619 1800 prope,
639 1741 724 1784 aut
739 1738 901 1799 procul
923 1737 1141 1797 trnjicere
1165 1737 1319 1797 tigres
1350 1737 1609 1784 maculosas
1623 1732 1649 1785 ?
1696 1736 1834 1783 Medi
1863 1740 2181 1783 concesserunt
2205 1733 2358 1795 facile
2392 1736 2495 1783 lora

1210 1894 1564 1915 OONOOON‘OO

283 1997 383 2048 duo
407 1999 580 2048 Oxou.
612 2000 820 2049 edoratae
843 1998 1017 2049 Ambr.
1037 2014 1141 2049 sec.
1165 1999 1359 2049 Moret.
1382 2014 1485 2047 sec.
1509 1999 1611 2048 inc.
1635 1998 1816 2048 Heius.
1848 1999 2038 2048 adorati
2063 1998 2261 2047 Bonon.
2283 1996 2491 2047 'Pholoe-

285 2062 461 2114 Ambr.
487 2079 569 2126 pr.
611 2066 739 2114 Exc.
776 2065 992 2114 Gevart.
1040 2066 1226 2114 odorati
1251 2066 1332 2112 vel
1354 2066 1577 2113 *odorata
1614 2064 1800 2113 Petav.
1832 2078 1912 2128 pr.
1961 2063 2148 2112 odorati
2171 2064 2255 2111 vel
2271 2063 2496 2124 odoriferi

287 2128 410 2192 Reg.
443 2129 568 2180 Jun.
605 2135 816 2193 pr.—59
851 2130 1048 2179 Partem
1072 2132 1218 2179 Rott.
1254 2129 1400 2179 Med.
1437 2144 1546 2179 sec.
1581 2130 1766 2192 Petam
1796 2144 1900 2178 sec.
1926 2131 2126 2178 Bonon.
2152 2128 2272 2179 Pat.
2307 2128 2491 2179 Ambr.

285 2198 404 2243 tert.
438 2196 611 2243 animoe
637 2196 826 2244 Moret.
862 2200 1073 2258 pr.—60
1107 2195 1358 2245 Sacratum
1393 2193 1496 2243 duo
1536 2195 1677 2244 Med.
1712 2194 1963 2244 Sacrorum
1998 2196 2121 2243 Vat.
2155 2209 2234 2256 pr.
2280 2200 2337 2242 et
2368 2199 2491 2242 tert.

283 2257 395 2307 Pal.
420 2259 566 2309 Prie.
591 2259 753 2308 Oisel.
777 2262 1006 2309 Florent.
1031 2261 1176 2309 Med.
1198 2260 1531 2323 pr..Jun..pr.
1551 2261 1883 2309 Mezen—61
1923 2260 2167 2307 Chaldaeos
2183 2259 2362 2308 Petam
2387 2273 2493 2308 sec.

285 2321 466 2372 Ambr.
487 2339 569 2388 pr.
600 2326 800 2374 Bonum
824 2326 1017 2375 Moret.
1041 2341 1142 2374 sec.
1172 2327 1258 2389 qui
1281 2332 1336 2374 et
1359 2340 1453 2388 pro
1469 2329 1680 2374 stravere
1700 2325 1912 2374 exhibet
1932 2339 2149 2387 rapuere.
2204 2323 2388 2372 caldoei
2412 2324 2494 2371 vel

288 2388 471 2438 Caldaeo
511 2390 771 2439 Low—62
815 2391 1022 2453 patriam
1065 2391 1209 2439 Med.
1288 2392 1465 2440 r.·coe1i
1512 2389 1637 2440 Jun.
1679 2405 1756 2453 pr.
1810 2390 1913 2439 Celt'
1962 2392 2092 2438 Exc.
2131 2388 2350 2438 Gevart.
2384 2387 2495 2444 belli

285 2460 505 2516 quatuor.
537 2456 681 2505 Vatt.
702 2456 851 2506 Farn.
877 2456 1018 2507 Prie.
1056 2457 1198 2505 Rott.
1260 2471 1324 2505 uo
1349 2456 1520 2506 Oxon.
1541 2456 1666 2506 Exc.
1691 2456 1841 2507 Laeti.
1872 2456 1975 2504 coeli
1999 2454 2100 2504 duo
2124 2453 2268 2504 Med.
2290 2454 2489 2505 Thuau.

284 2518 465 2570 Petav.
492 2535 573 2583 pr.
598 2536 663 2571 m.
688 2537 789 2570 sec.
815 2521 899 2570 ed.
923 2523 1093 2570 Vicet.
1132 2521 1235 2571 Celz'
1273 2522 1356 2570 vel
1386 2522 1506 2568 Coeli
1527 2522 1649 2570 Vat.
1685 2529 1808 2570 tert.
1831 2521 1945 2569 Pal.
1977 2520 2082 2568 coeli
2107 2520 2185 2566 vel
2208 2519 2315 2566 beni
2336 2518 2486 2568 Med.

285 2588 444 2646 quart.
470 2586 667 2635 Mazar.
715 2587 828 2635 Beli
865 2587 946 2634 vel
983 2587 1088 2635 eoeli
1123 2588 1408 2635 Farn.-—t33
1441 2587 1699 2634 volventem
1736 2591 1942 2634 testatur
1983 2586 2105 2634 Pat.
2128 2584 2323 2649 mitram
2344 2583 2491 2634 Med.

286 2664 362 2710 pr.
396 2657 598 2699 matrem
620 2653 737 2700 Pat.
758 2654 980 2700 mundum
999 2653 1078 2700 vel
1101 2653 1295 2699 mitram
1324 2651 1520 2699 Moret.
1540 2655 1776 2699 see—64
1808 2651 1924 2699 socii
1947 2649 2092 2698 Leid.
2113 2664 2191 2711 pr.
2216 2648 2320 2697 duo
2344 2649 2493 2699 Vatt.

288 2714 426 2765 Rott.
446 2717 614 2769 Oisel.
640 2716 810 2765 Oxou.
832 2732 913 2780 pr.
933 2717 1035 2765 duo
1055 2716 1195 2764 Med.
1220 2715 1322 2764 inc.
1352 2716 1531 2764 Heius,
1550 2716 1676 2778 Reg.
1704 2717 1898 2765 Mazar.
1920 2715 2045 2764 Lov.
2071 2715 2259 2764 Petav.
2283 2729 2362 2776 pr.
2387 2713 2493 2762 dno

285 2777 461 2828 Ambr.
490 2783 619 2829 Exc.
644 2782 776 2830 Laeti
797 2790 852 2829 et
874 2783 995 2845 Var.
1019 2781 1121 2830 LL.
1142 2795 1168 2827 e
1193 2794 1356 2844 marg.
1393 2780 1570 2830 Parm.
1611 2781 1726 2830 socii
1758 2780 2006 2830 venatibus
2043 2780 2127 2829 vel
2156 2779 2293 2829 sociis
2318 2793 2493 2828 venun·

285 2844 407 2892 tibus
440 2846 633 2895 Moret.
675 2861 752 2909 pr.
796 2845 919 2896 Ald.
965 2847 1091 2895 Exc.
1136 2845 1281 2895 Laeti.
1327 2861 1484 2894 secum
1528 2854 1582 2894 et
1620 2845 1723 2895 ibat
1763 2846 1907 2896 Med.
1943 2849 2196 2894 tert.-65
2227 2849 2496 2908 penetrasse

286 2908 462 2959 Ambr.
492 2915 746 2961 tem—66
779 2916 916 2973 virga
938 2911 1218 2975 transfigere
1243 2919 1466 2975 quatuor
1490 2911 1633 2961 Vatt.
1657 2913 1770 2962 Pal.
1796 2913 1951 2960 Farn.
1974 2910 2115 2960 Prie.
2140 2909 2305 2971 Oisel.
2338 2915 2497 2958 trane·-

286 2973 411 3036 igcre
448 2976 593 3025 Med.
617 2984 789 3040 quart.
834 2976 1050 3038 virgatas
1075 2976 1236 3042 figere
1271 2974 1452 3026 Ambr.
1492 2983 1615 3027 tert.
1649 2978 1780 3026 Exc.
1823 2977 1957 3027 Laeti
1991 2983 2047 3026 et
2071 2977 2295 3025 LucenS.
2318 2988 2495 3025 sec.—

1283 3078 1495 3140 ΝΟΜ]

287 3197 575 3248 Sabaeorum
599 3199 651 3248 in
678 3200 882 3250 Arabia.

350 3281 412 3324 59
446 3276 586 3339 Arce]
633 3278 745 3326 Pax
759 3278 987 3342 juratur,
1007 3278 1251 3328 adhibitis
1271 3294 1350 3343 qa-

287 3351 508 3401 crificiis„
1044 3415 1054 3423 .

350 3428 540 3491 Ignem]
618 3429 773 3499 Hunc
818 3431 1103 3481 adorabant
1169 3432 1349 3496 populi

291 3503 540 3568 OrientIS,
559 3513 612 3556 et
637 3509 866 3572 AEgyptii
890 3509 944 3558 in
967 3511 1079 3574 ejus
1101 3509 1346 3558 honorem

288 3579 593 3643 Pyramides
627 3583 1010 3635 dedicaverant.
1077 3585 1198 3635 Indi
1229 3600 1350 3650 quo·

290 3672 385 3722 que
407 3659 646 3708 hodierni
670 3660 841 3724 ignem
864 3663 1131 3713 honorant.

349 3740 412 3784 60
445 3736 646 3801 Adytis]
698 3738 950 3788 Sacrariis
982 3737 1205 3802 intimiS,
1235 3755 1364 3803 quae.

289 3813 378 3862 soli
400 3814 708 3864 Sacerdotes
747 3815 1189 3879 ingrediebantur,
1212 3825 1350 3866 cete-

291 3890 356 3938 ris
378 3891 570 3940 intrare
595 3891 759 3942 nefas.
828 3893 981 3942 Unde
1005 3893 1191 3956 ἄδυτος,
1215 3895 1280 3944 ab
1318 3913 1350 3943 α

287 3966 403 4029 sine,
424 3976 480 4016 et
515 3966 605 4016 δύω
643 3969 904 4031 ingredior,
933 3972 1076 4021 locus
1112 3972 1164 4021 in
1195 3987 1348 4037 quem

289 4041 485 4105 ingredi
510 4045 667 4095 nefas.

352 4126 413 4172 61
451 4123 617 4185 Magi]
662 4123 828 4187 Magi,
865 4125 1183 4189 Philosophi,
1213 4127 1349 4188 sapi-

291 4206 536 4265 entesque
575 4209 743 4261 eraut,
778 4218 990 4266 quorum
1020 4204 1071 4251 hi
1093 4203 1350 4252 sacrificia

293 4276 558 4340 curabant,
579 4279 652 4326 illi
677 4294 758 4327 res
782 4280 1037 4330 coelesteS.

353 4354 634 4419 Micantem]
692 4355 778 4406 Ob
814 4372 1040 4421 gemmas
1071 4359 1347 4408 micantem

1427 3209 1663 3266 pateram
1674 3202 1869 3252 leniter
1882 3203 2096 3251 inclinat
2112 3200 2177 3249 ad
2190 3199 2496 3249 firmandum

1429 3278 1612 3329 foedus.

1496 3362 1561 3406 62
1594 3357 1728 3421 Beli]
1778 3356 1935 3406 Belus
1958 3356 2094 3420 apud
2119 3354 2390 3406 Chaldaeos
2412 3358 2496 3402 est

1427 3434 1659 3498 Jupiter,
1692 3448 1883 3497 praeses
1915 3440 2201 3497 auctorque
2223 3429 2494 3493 t’oederum,

1432 3526 1498 3560 ex
1523 3511 1754 3560 Diodoro
1780 3510 1969 3560 Siculo.

1495 3593 1557 3638 63
1594 3587 1851 3650 Mithram]
1900 3588 2075 3637 Solem
2095 3584 2168 3635 sic
2187 3600 2219 3635 a
2240 3582 2417 3633 Persis
2439 3587 2495 3632 et

1431 3665 1689 3721 Chaldaeis
1714 3666 2061 3729 appellatum:
2096 3664 2183 3728 qui
2207 3663 2297 3712 Sol
2333 3661 2495 3712 volvit

1431 3759 1524 3797 seu
1549 3743 1685 3807 regit
1721 3758 1850 3807 vaga
1886 3742 2077 3800 sidera,
2108 3741 2160 3789 id
2192 3745 2293 3802 est,
2314 3740 2493 3804 plane-

1431 3829 1511 3871 tas
1552 3821 1637 3886 qui
1680 3826 1875 3869 errant.
1952 3818 2140 3868 Strabo
2181 3817 2247 3867 de
2293 3817 2493 3881 Persis,

1427 3898 1564 3956 ἥλιον
1586 3899 1784 3946 καλοῦσι
1815 3894 1998 3961 μίθραν,
2022 3896 2177 3945 Solem
2197 3899 2364 3944 vocant
2396 3894 2499 3945 Mi·

1427 3978 1602 4026 iliram.
1648 3977 1778 4024 Erat
1804 3983 1978 4023 autem
2001 3973 2145 4021 vultu
2169 3971 2358 4022 Leonis
2376 3986 2495 4021 cum

1429 4055 1581 4116 tiara,
1606 4053 1739 4102 tauri
1763 4051 2068 4102 reluctantis
2084 4064 2248 4099 cornu
2272 4048 2496 4113 compri-

1428 4147 1592 4181 menS.

1493 4213 1558 4256 66
1599 4208 1850 4270 Virgatas]
1896 4206 2093 4269 Tigres,
2124 4204 2383 4271 virgarum
2418 4203 2495 4254 iu·

1428 4291 1559 4350 star,
1577 4284 1793 4335 maculis
1813 4282 2103 4351 distinctas.
2339 4303 2342 4308 ·
