2925 4928
829 446 927 495 ΒΕ
953 441 1245 495 'MA'LLH
1295 438 1576 495 Tuaen.
1627 437 1840 496 οοκε.
2304 417 2434 493 425

231 592 492 658 'Abdita
517 589 835 677 pallentis
863 592 1327 659 fodit‘solertia
1356 595 1583 660 Bessi.

325 695 432 760 Ac
463 697 648 761 velut
677 701 949 761 exertus
977 696 1312 761 lentandis
1341 697 1576 762 navita
1601 698 1821 761 tonsis

238 800 614 865 Praefieitur
636 800 829 865 lateri
860 807 1091 865 custos
1115 821 1133 881 3
1180 800 1332 864 hinc
1356 800 1571 864 ardua
1599 820 1818 884 prorae

234 901 618 987 Temperat,
649 910 719 966 et
743 904 994 967 fluetus
1021 908 1582 986 tempestatesque
1610 902 1874 968 futuras

237 1003 533 1070 Edocet:
582 1006 860 1070 assiduo
892 1025 1043 1071 cum
1072 1005 1329 1068 Dorida
1353 1005 1590 1068 ‘vicerit
1612 1025 1763 1082 usu,
1859 1049 1865 1056 -
2346 1006 2434 1069 45

237 1105 397 1171 Jam
428 1108 698 1172 clavum
721 1115 1064 1192 totamque
1093 1109 1274 1173 subit
1300 1114 1600 1190 torquere
1629 1109 1959 1173 carinam:

236 1208 353 1273 Sic
385 1228 544 1274 cum
567 1212 746 1275 clara
776 1212 890 1276 diu
919 1231 1128 1276 rerum
1157 1210 1549 1275 documenta
1581 1210 1904 1290 dedisseS,

236 1311 399 1376 Non
429 1317 496 1375 te
524 1317 711 1397 parte
743 1315 888 1392 sui,-
906 1315 1022 1378 sed
1055 1313 1333 1378 inomni
1366 1332 1673 1397 corpore,
1708 1314 1947 1378 sumsit

236 1413 626 1498 Imperium,
660 1423 1037 1500 cunctaque
1066 1414 1249 1480 dedit
1276 1416 1505 1480 tellure
1535 1415 1855 1498 regen‘dos

229 1582 468 1630 occultata
489 1582 630 1631 Bessi
648 1584 815 1647 pallidi
835 1582 1002 1647 effodit
1036 1587 1249 1632 scrutans
1281 1596 1419 1631 venas
1449 1583 1702 1644 sequendas
1735 1584 1868 1644 longe
1886 1597 1915 1630 a
1936 1582 2126 1632 lumine.
2194 1582 2265 1630 Et
2284 1594 2440 1644 quem-

229 1647 487 1695 admodum
507 1653 654 1696 nauta
665 1650 888 1711 probatus
903 1648 1047 1697 remis
1073 1648 1319 1710 agitandis
1352 1648 1656 1696 constituitur
1691 1653 1846 1696 custos
1878 1648 2059 1708 lateris,
2097 1662 2162 1695 ex
2199 1646 2284 1695 Ιιοσ
2322 1646 2440 1695 loco

228 1710 359 1772 regit
394 1712 545 1760 altam
565 1728 773 1775 proram,
811 1718 858 1762 et
889 1715 1091 1762 ostendit
1116 1715 1283 1773 undas,
1322 1728 1376 1761 ac
1408 1713 1635 1775 procellas
1672 1712 1982 1776 imminentes,
2018 1727 2122 1762 cum
2152 1709 2442 1775 superaverit

226 1785 365 1824 mare
385 1778 608 1826 continua
633 1778 952 1841 experientia:
985 1785 1040 1828 et
1047 1780 1153 1841 jam
1172 1778 1340 1840 incipit
1362 1777 1595 1826 moderari
1612 1778 1994 1839 gubernaculum,
2014 1783 2061 1827 et
2084 1781 2234 1826 totam
2254 1776 2412 1825 navim
2425 1791 2442 1825 ε

229 1841 303 1889 ita
325 1845 401 1903 tu,
426 1857 533 1890 cum
549 1844 829 1905 praebuisses
849 1843 1130 1904 jamdudum
1146 1843 1378 1904 insignem
1396 1841 1643 1890 scientiam
1677 1857 1852 1906 rerum,
1875 1844 2160 1892 Romanum
2190 1840 2445 1903 Imperium

230 1905 452 1955 adhibuit
474 1912 538 1971 te,
559 1923 654 1957 mm
682 1910 735 1958 in
762 1914 903 1972 parte
930 1908 1007 1958 sui
1041 1910 1283 1973 regenda,
1303 1910 1385 1957 sed
1419 1908 1472 1956 in
1502 1911 1605 1955 tota
1625 1909 1758 1972 mole,
1779 1914 1827 1958 et
1850 1909 2079 1959 commisit
2101 1907 2192 1957 tibi
2210 1906 2442 1969 guberna-

1164 2051 1500 2073 &O‘OOOOOO‘O

230 2153 336 2202 dita
361 2152 598 2217 Florent.
622 2160 842 2218 quatuor
877 2154 1024 2205 Med.
1065 2154 1146 2203 ed.
1169 2154 1344 2203 Vicet.
1367 2155 1514 2210 tExc.
1537 2156 1755 2205 Lucens.
1795 2169 1901 2205 sec.
1922 2153 2118 2214 fallacis
2145 2152 2277 2214 fodit
2300 2151 2447 2202 Prie.

219 2217 354 2277 fovit
382 2218 578 2267 Moret.
610 2234 687 2282 ρι’.
701 2218 839 2278 fudit
870 2219 1019 2269 Rott.
1055 2221 1380 2269 Mamm—42
1413 2220 1598 2270 excitus
1636 2220 1718 2269 ed.
1744 2220 1915 2271 Vicet.
1938 2223 2060 2271 Var.
2097 2219 2206 2267 LL.
2231 2232 2261 2266 e
2285 2230 2448 2280 marg.

193 2331 196 2336 ,
232 2283 412 2332 Parm.
438 2289 496 2331 et
514 2283 597 2332 ed.
621 2282 781 2334 Antv.
805 2283 928 2333 Ald.
967 2286 1098 2334 Exc.
1131 2285 1333 2334 Schott.
1357 2292 1414 2333 et
1448 2284 1657 2335 Ruben.
1682 2290 1860 2335 erectus
1880 2286 2001 2337 Jun.
2026 2299 2105 2349 pr.
2129 2288 2326 2334 exertus
2343 2280 2450 2342 due

231 2347 560 2398 Leidd.cum
584 2349 769 2412 viginti
808 2350 1006 2399 duobus
1031 2349 1145 2399 aliis
1187 2357 1241 2399 et
1282 2351 1413 2400 Exc.
1455 2351 1675 2399 Lucem.
1699 2365 1803 2400 sec.
1842 2351 1893 2399 in
1926 2349 2106 2399 Ambr.
2146 2364 2250 2398 sec.
2288 2346 2447 2396 etiam

206 2418 428 2471 ‚exertus
451 2419 533 2461 est
556 2428 670 2462 eum
710 2415 880 2479 glossa
918 2416 953 2466 i.
990 2431 1031 2467 e.
1069 2419 1282 2479 paratus.
1323 2419 1516 2464 exertus
1545 2417 1626 2464 vel
1667 2421 1856 2481 ereptus
1893 2416 1974 2464 vel
2009 2420 2189 2464 erectus
2209 2415 2329 2462 Vat.
2363 2425 2445 2475 pr.

229 2479 438 2528 letandis
482 2480 611 2539 Reg.
659 2481 805 2529 Med.
845 2488 1013 2546 quart.
1057 2482 1204 2530 tonsis
1248 2481 1365 2529 Vat.
1411 2496 1492 2544 pr.
1536 2481 1679 2533 remis
1721 2484 1802 2531 vel
1845 2481 1994 2531 tonsis
2035 2483 2158 2530 Vat.
2206 2485 2447 2542 quart.—

230 2545 293 2594 213
329 2543 600 2609 Prqficitur
618 2545 743 2595 Jun.
767 2560 848 2608 pr.
875 2545 1133 2660 Pegieitur
1166 2544 1313 2595 Med.
1353 2553 1527 2609 quart.
1552 2546 1717 2595 lateris
1736 2548 1856 2595 Vat.
1892 2561 1969 2611 pr.
1999 2561 2066 2594 m.
2107 2560 2186 2609 pr.
2216 2544 2448 2592 Florent-

228 2624 388 2672 proroe
419 2610 507 2657 vel
542 2612 720 2672 prolem
761 2611 891 2671 Reg.
989 2626 1108 2660 xon.
1151 2613 1362 2674 piu—44
1394 2625 1584 2658 sonorae
1610 2611 1730 2660 Vat.
1762 2618 1882 2661 tert.
1924 2611 2155 2659 Floreat.
2179 2608 2281 2657 duo
2302 2605 2450 2656 Med.

233 2675 433 2723 Μαῖαν.
445 2673 648 2733 futuras
671 2676 752 2723 vel
768 2690 957 2724 sonoras
975 2676 1139 2726 Oisel.
1156 2676 1277 2724 Vat.
1303 2689 1382 2737 pr.
1399 2675 1546 2723 Med.
1569 2680 1817 2725 terh—45
1842 2677 2088 2725 Proedocet
2109 2673 2247 2737 conj.
2268 2671 2451 2723 Heius.

229 2740 485 2788 concordia
526 2754 623 2802 pro
661 2756 766 2789 cum
801 2741 985 2790 Dorida
1006 2742 1128 2793 Jun.
1165 2754 1245 2803 pr.
1283 2744 1402 2787 oestu
1435 2740 1630 2789 Moret.
1671 2745 1907 2789 sem—46
1939 2745 2204 2802 tortumque
2226 2738 2347 2788 Jun.
2368 2751 2451 2799 ρι’.

230 2805 392 2853 carine
413 2805 540 2852 Vat.
565 2818 643 2866 pr.
671 2821 734 2854 m.
761 2819 837 2867 pr.
869 2807 1031 2855 carina
1051 2806 1173 2857 Jun.
1208 2808 1419 2868 ρι’.-47
1454 2803 1552 2852 Sed
1577 2806 1777 2853 Mazar.
1815 2806 1987 2854 mentis
2024 2806 2295 2854 documenta
2326 2803 2450 2851 Vat-

231 2884 315 2934 pr.
344 2870 474 2919 item
502 2869 625 2918 Vat.
650 2871 818 2919 Livin.
844 2871 974 2919 Exc.
1007 2872 1224 2920 Lucens.
1250 2882 1357 2918 sec.
1389 2870 1561 2918 mentis
1582 2871 1663 2919 vel
1687 2885 1845 2919 rerum
1867 2870 2011 2919 Med.
2038 2876 2162 2919 tert.
2192 2866 2453 2918 tecum'vel

229 2949 394 2984 rerum
434 2933 583 2982 Med.
620 2942 793 2998 quart.
815 2936 1018 2985 dedisset
1053 2935 1234 2984 decem
1276 2935 1608 2998 scripti—48
1639 2936 1714 2983 sui
1736 2935 1857 2984 Vat.
1893 2950 1997 2985 sec.
2023 2934 2141 2984 Pal.
2163 2934 2345 2983 Ambr.
2370 2946 2451 2996 ρι’.

232 3015 318 3048 sua
342 2998 450 3048 duo
473 2999 659 3049 Leidd.
677 3000 1004 3064 cumvigimi
1029 3008 1253 3065 quatuor
1277 3000 1409 3060 aliis,
1432 3000 1560 3048 Exe.
1597 3000 1816 3050 Gevatt.
1851 3002 2069 3051 Lucem.
2093 3013 2174 3064 pr.
2198 2999 2323 3047 Var.
2347 2997 2454 3046 LL.

234 3065 318 3114 ed.
343 3064 508 3114 Antv.
528 3069 737 3127 tempore
758 3065 881 3115 Jun.
908 3079 987 3127 ρι’.
1011 3064 1190 3114 Ambr.
1225 3079 1329 3115 sec.
1350 3066 1476 3113 Var.
1510 3065 1613 3113 LL.
1649 3063 1730 3114 ed.
1756 3063 1914 3114 Antv.
1938 3080 2008 3113 m.
2038 3080 2118 3128 pr.
2141 3069 2347 3127 tempore
2368 3061 2453 3112 vel

229 3129 740 3254 fflz'ffitdsffi‘·
750 3129 1052 3245 miti?
1056 3145 1195 3244 ”12:311
1200 3165 1212 3178 ·
1234 3130 1434 3243 {3323
1457 3127 2453 3257 mzzffszffsstt‘ffizssztzmmi'sssf

230 3261 435 3324 sumpsit
464 3259 616 3308 Med.
641 3266 809 3324 quart.
833 3260 1112 3319 Nonsemit
1132 3264 1181 3309 te
1195 3264 1335 3323 parte
1354 3274 1441 3310 cua
1472 3263 1554 3308 sed
1576 3275 1768 3324 corpore
1792 3260 1844 3310 in
1865 3261 1992 3312 omui
2026 3261 2286 3331 Reg.—60
2320 3258 2451 3309 Duce

1235 3400 1285 3449 N
1294 3397 1456 3448 OTAE

235 3526 248 3532 -
271 3514 274 3517 ·
297 3503 361 3549 41
387 3498 593 3562 Abdita]
616 3498 840 3549 Solet-tia
860 3498 1039 3549 abdita
1061 3498 1228 3560 Bessi,
1252 3497 1307 3547 id
1388 3495 1607 3558 exerta,'
1629 3496 1682 3544 id
1706 3503 1805 3556 est,
1827 3500 2049 3559 promta,
2072 3499 2304 3558 experta.

234 3581 332 3638 eet,
350 3577 583 3625 Bessi-in
607 3584 748 3626 terra
779 3576 944 3627 abditi
967 3583 1024 3627 et
1042 3577 1305 3626 occultati.
1453 3572 1738 3635 Lemmata]
1772 3573 1837 3622 Id
1876 3579 1979 3634 est,
2010 3573 2167 3620 remis
2196 3572 2341 3620 lente
2363 3570 2457 3620 ob·

298 3651 559 3714 Patientis]
660 3653 956 3717 Perpetuus
1014 3653 1102 3701 ille
1163 3653 1309 3702 color
1389 3651 1633 3700 luctando
1677 3648 1932 3713 agitandis
1953 3664 1966 3698 ι
2018 3649 2102 3697 vel
2141 3649 2343 3697 lentare
2376 3662 2457 3698 re-

233 3736 314 3778 est
336 3729 589 3794 ejusmodi
612 3744 906 3793 operarum.
960 3730 1117 3780 Silius
1161 3730 1306 3779 ltali-
1388 3743 1499 3776 mos
1520 3726 1757 3789 dicimus,
1778 3727 1901 3790 quia
1938 3725 2067 3774 remi
2100 3739 2167 3773 ex
2192 3725 2340 3774 'lenta
2379 3738 2458 3772 ar-

234 3820 328 3855 cus
345 3823 358 3855 :
383 3808 398 3835 ‘
421 3807 493 3855 Et
507 3804 647 3855 redit
663 3805 843 3856 infelix
856 3803 1043 3855 effosso
1066 3806 1308 3856 concolor
1389 3805 1516 3854 bore
1529 3804 1654 3856 facti
1667 3810 1966 3853 curvantur.
1990 3802 2262 3865 Virgilius:
2281 3802 2298 3830 ⁴
2315 3799 2457 3850 Ante

235 3881 399 3932 auro!
1389 3887 1448 3930 et
1460 3881 1725 3930 Trinacria
1737 3879 2012 3929 lentandus
2029 3893 2199 3928 remus
2212 3878 2264 3926 in
2279 3876 2457 3927 unda!

243 3993 254 3999 -
301 3959 471 4022 Beni]
511 3959 661 4010 Bessi
699 3966 820 4009 suut
838 3959 1075 4009 Thraciae
1114 3959 1311 4023 populi,
1460 3958 1649 4021 Tomis]
1685 3958 1833 4008 Remi
1858 3957 1946 4022 qui
1973 3957 2217 4006 dicuntur
2241 3962 2403 4005 tonsae
2426 3969 2459 4004 a

233 4051 358 4101 quos
414 4037 647 4087 Pacatus
716 4036 949 4100 appellat
975 4058 984 4075 ι
1006 4035 1313 4097 Quoesitoreae,
1391 4034 1671 4084 tondendis
1695 4034 2118 4097 decutiendisque
2145 4031 2404 4083 fluctibus.

235 4112 375 4176 quod
399 4128 581 4162 aurum
601 4113 673 4161 «in
714 4119 871 4162 tetrae
894 4112 1181 4165 visceribus
1220 4127 1310 4161 ex·
1455 4113 1521 4159 43
1555 4110 1720 4157 Lateri
1753 4107 1928 4169 custos]
1962 4108 2239 4170 Inspector
2272 4106 2458 4157 Nauti-

243 4191 469 4256 quirant.
1392 4202 1567 4237 carum
1611 4201 1907 4250 operarum,
1950 4186 2170 4250 ideoque
2214 4185 2265 4234 ἰή
2309 4183 2455 4233 navis

252 4294 265 4312 ι
281 4306 286 4313 ,
305 4271 370 4317 42
404 4266 643 4329 Eamus]
675 4267 961 4331 Probatus,
977 4274 1205 4332 paratus,
1225 4281 1311 4317 ex·
1389 4265 1555 4314 latere
1579 4263 1927 4312 constituitur.

238 4343 463 4409 peditus.
509 4344 595 4396 Sic
616 4359 649 4394 a
666 4343 1078 4409 Statio-dicitur,
1098 4346 1113 4373 ‘
1135 4343 1310 4397 Diana
1453 4347 1517 4394 45
1555 4339 1773 4404 Dorida]
1819 4338 1973 4390 Dotis
1994 4343 2078 4389 est
2099 4337 2456 4401 Dea-marina,
