2925 4928
819 471 822 472 ⁷
887 410 985 460 DE
1019 407 1274 457 usum
1322 403 1766 464 canonico.

208 558 330 625 Cui
358 564 553 643 pater
577 558 649 622 in
676 555 845 621 tales
875 553 1060 637 rupit
1088 553 1379 637 suspiria
1410 571 1644 618 voces:

207 662 360 727 Hoc
391 663 585 727 erat?
633 661 700 725 in
727 659 963 730 fratres
989 657 1210 722 medio
1239 656 1572 722 discordia
1604 656 1854 721 Mauro

206 764 565 830 Nascitur:
611 768 678 828 et
705 761 993 832 mundus
1019 775 1464 843 germanaque
1493 759 1779 824 dissidet
1803 759 2002 824 aulaf!

204 865 647 951 Gildonisque
678 864 860 930 salus
890 863 1059 928 tanti
1087 862 1180 925 sit
1207 861 1439 945 palma
1468 861 1763 927 furoris?

206 969 484 1037 Scilicet
511 970 818 1053 egregius
840 987 1127 1045 morum,
1158 983 1528 1050 magnoque
1557 939 1872 1045 tuenduS,
1948 993 1951 996 ·

206 1075 289 1141 Et
316 1074 428 1159 cuj
439 1092 518 1137 us
544 1072 799 1137 meritis
828 1072 1048 1155 pietas
1078 1091 1121 1136 a
1143 1070 1352 1137 ‘fratre
1379 1071 1670 1136 recedat.
2288 1069 2423 1134 240

200 1255 455 1307 mamm!
518 1254 606 1305 Ad
639 1271 775 1319 quem
807 1254 1092 1305 Arcadium
1129 1261 1267 1319 pater
1287 1256 1478 1319 abrupit
1500 1231 1704 1320 suspiria
1725 1256 1778 1305 in
1799 1256 1899 1304 haec
1932 1253 2072 1304 verba
2088 1271 2104 1302 .·
2139 1254 2247 1303 Hoc
2279 1258 2384 1303 erat
2400 1252 2425 1301 Ι

199 1327 435 1372 certamen
463 1322 618 1370 oritur
651 1322 779 1370 inter
803 1320 1009 1383 fratres,
1034 1322 1206 1370 Mauro
1226 1322 1520 1385 interposito,
1541 1327 1680 1385 atque
1705 1320 1852 1370 Orbis
1872 1325 1918 1369 et
1938 1321 2067 1369 Aula
2085 1318 2303 1375 fratrum
2325 1320 2424 1367 dis-

201 1389 344 1437 mitit
359 1384 385 1437 2
435 1387 520 1436 An
554 1388 853 1435 incolumitas
890 1387 1110 1436 Gildonis
1151 1388 1245 1436 erit
1275 1388 1524 1450 praemium
1561 1391 1799 1436 tantorum
1835 1382 2084 1435 odiorum?
2150 1386 2245 1433 Est
2263 1398 2428 1447 nempe

195 1452 287 1506 ine
308 1453 545 1503 excellens
565 1451 842 1516 virtutibus,
880 1456 929 1502 et
965 1450 1303 1502 conservandus
1340 1452 1528 1515 ingenti
1562 1453 1758 1517 pretio,
1796 1467 1852 1501 ac
1887 1451 2071 1515 dignus
2094 1451 2228 1511 cuius
2251 1449 2427 1500 virtute

1131 1597 1488 1616 eeeeeeeeeeee

205 1681 371 1732 Oisel.
421 1682 673 1748 lugeytqne
692 1683 813 1731 Vat-
836 1695 918 1745 pr.
939 1687 1007 1731 m.
1032 1696 1113 1747 pr.
1138 1679 1444 1731 Prie—235
1487 1682 1619 1731 'nm
1635 1685 1776 1745 peter
1796 1681 1950 1731 Farn.
2001 1681 2121 1729 Tum
2142 1679 2227 1728 ed.
2248 1678 2428 1728 Vicet-

204 1746 546 1797 Gum'l'huan.
604 1749 700 1796 Cui
721 1748 849 1797 Exc.
868 1748 1019 1797 Laeti.
1066 1745 1194 1810 repit
1212 1746 1404 1796 Moret.
1430 1762 1509 1810 pr.
1558 1748 1737 1810 rumpit
1758 1746 1962 1795 Thuan.
2014 1744 2174 1795 reddit
2193 1744 2275 1794 vel
2293 1743 2426 1807 rupit

201 1813 496 1864 Pac-236
527 1811 637 1861 Hoc
656 1817 759 1862 erut
778 1812 981 1872 infutis.
1016 1826 1134 1861 cum
1155 1810 1317 1876 τελείᾳ
1338 1813 1518 1877 στιγμῇ·
1537 1813 1619 1861 vel
1641 1813 1787 1875 signo
1813 1810 2204 1875 interrogandi?
2237 1808 2422 1863 Ambr.

203 1892 280 1941 pr.
304 1878 511 1927 Bonon.
533 1878 635 1926 duo
661 1878 807 1927 Med.
834 1879 960 1928 Exc.
984 1877 1117 1927 Laeti
1139 1884 1193 1925 et
1217 1876 1435 1927 Gevart.
1457 1880 1580 1927 item
1601 1878 1799 1926 Ruben.
1834 1877 1886 1926 in
1894 1872 2121 1934 fratres?
2156 1876 2257 1924 duo
2274 1875 2424 1923 Vatt.

203 1942 326 1992 Put.
351 1942 541 1992 Petav.
562 1957 663 1992 sec.
685 1941 872 2002 fraires
892 1943 975 1991 vel
985 1942 1114 2003 fatis
1133 1943 1425 2006 Reg.—23⁷
1456 1938 1687 2004 germana
1705 1942 1875 1991 Oxou.
1901 1956 1978 2004 pr.
2000 1940 2427 2016 Thuan..Ma2·ar.

199 2008 982 2137 ἔθ’ἒ“.,““.”ἕ3ῗέἶῗ,ἑῖἒέῗ’ὶςῖὲἷῑέῗ·
991 2006 2432 2135 ,iiiii-{332.‘{.²¹“55.:22'²..5213;.51125⁶;¹J:tffsssfffflzf

201 2138 411 2188 Thalos.
436 2137 621 2188 Ambr.
646 2146 766 2188 tert.
790 2154 918 2188 unus
936 2138 1116 2188 Heins.
1141 2139 1291 2188 ambo
1317 2139 1509 2188 Moret.
1530 2140 1658 2188 Exc.
1683 2137 1881 2188 Ruben.
1900 2138 1971 2203 fit
1989 2138 2150 2201 palma
2173 2135 2317 2186 Leid.
2343 2148 2428 2198 pr.

205 2202 336 2253 Exc.
363 2204 496 2253 Cod.
521 2203 707 2254 Rhem.
726 2203 798 2269 fit
822 2204 902 2254 vel
925 2206 991 2253 sit
1015 2205 1135 2253 Put.
1182 2206 1339 2267 palma
1363 2204 1503 2253 Pric.
1528 2204 1692 2254 Oisel.
1717 2204 1889 2254 Oxou.
1911 2218 2013 2252 sec.
2037 2217 2104 2251 m.
2129 2217 2208 2265 pr.
2235 2202 2433 2251 Mazar.

201 2268 393 2319 Petam
417 2283 524 2318 sec.
546 2275 652 2317 vet.
677 2269 803 2333 Gyr.
846 2271 965 2319 Pat.
1003 2269 1105 2319 duo
1138 2267 1318 2318 Ambr.
1343 2270 1474 2319 Exc.
1510 2270 1663 2333 Laeti,
1683 2268 1871 2319 Sched.
1897 2267 2037 2319 Gud.
2061 2268 2186 2317 Var.
2215 2267 2322 2316 LL.
2347 2264 2434 2315 ed'.

202 2335 368 2385 Antv.
426 2348 591 2383 caussa
614 2341 835 2398 quatuor
860 2335 1008 2384 Vatt.
1033 2336 1148 2384 Pal.
1172 2335 1325 2383 Farn.
1367 2335 1512 2384 Rott.
1554 2333 1736 2384 Ambr.
1778 2341 1900 2384 tert.
1954 2347 2117 2381 caussa
2156 2332 2239 2381 vel
2270 2332 2433 2395 palma

202 2402 324 2449 Vat.
369 2399 493 2448 tert'.
536 2398 677 2447 Med.
713 2414 793 2463 pr.
836 2401 1066 2450 Florent.
1091 2400 1381 2449 Fun—239
1414 2400 1475 2449 Si
1496 2400 1606 2449 licet
1628 2401 1776 2450 Farn.
1809 2401 2044 2448 timendus
2067 2397 2150 2448 ed.
2173 2397 2349 2447 Parm.
2370 2402 2428 2445 et

202 2464 378 2523 Vicet.
401 2463 531 2515 Exc.
556 2464 707 2515 Laeti.
755 2469 951 2516 tuendus
975 2467 1056 2515 vel
1076 2467 1311 2516 timendus
1334 2467 1734 2516 Floreat—240
1771 2467 1838 2515 Ee
1875 2464 2038 2529 quovis
2072 2461 2153 2513 ed.
2173 2461 2350 2512 Vicet.
2399 2477 2434 2510 a

194 2530 360 2593 fratre
396 2530 543 2581 Prie.
591 2531 643 2578 in
654 2530 819 2592 fratre
840 2533 963 2580 Vat.
992 2545 1071 2594 pr.
1097 2531 1262 2580 Oisel.
1287 2531 1431 2582 Med.
1453 2546 1557 2582 sec.
1593 2533 1786 2580 Mazar.
1809 2531 1912 2579 inc.
1939 2529 2120 2578 HeinS.
2142 2529 2326 2577 PetaV.
2353 2541 2434 2590 pr.

205 2594 389 2647 A'mbr.
413 2602 471 2645 et
490 2595 683 2645 Moret.
705 2611 809 2647 sec.
833 2598 965 2647 Exc.
991 2596 1145 2661 Laeti,
1169 2597 1391 2646 Gevart.
1418 2605 1475 2645 et
1496 2597 1576 2646 ed.
1601 2596 1776 2645 Parm.
1811 2595 2021 2656 infracta
2044 2600 2267 2659 quatuor
2284 2593 2436 2644 Vatt.

1215 2725 1434 2795 som:

208 2857 427 2926 Stilicho
453 2858 793 2924 compescuit.

269 2941 370 2986 235
403 2937 563 3001 Rupit
582 2937 808 3001 suspiria]
864 2938 1029 2989 Pater
1049 2936 1283 2987 Theodo-

211 3015 312 3064 sius
337 3015 557 3080 abrupit
579 3015 786 3064 silentia
808 3016 910 3064 imo
935 3020 1284 3079 pectoresus-

212 3091 400 3156 plcans,
418 3097 478 3140 et
497 3091 769 3156 alloquens
792 3092 953 3141 filium
979 3091 1281 3141 Arcadium.

253 3171 372 3216 Γ236
410 3169 520 3218 Hoc
541 3169 670 3232 erat]
720 3168 921 3218 ironica
958 3168 1281 3231 indignatio:

214 3243 357 3308 qnasi
379 3243 612 3294 diceret:
652 3245 784 3294 Haec
821 3261 946 3309 ergo
970 3254 1084 3293 erat
1108 3259 1286 3308 causa,

215 3335 304 3370 cur
322 3321 473 3371 vobis
496 3320 749 3371 fratribus
772 3329 974 3371 tantum
1001 3322 1284 3383 Imperium

216 3398 582 3464 relinquerem,
625 3406 684 3447 ut
729 3399 863 3447 inter
901 3413 993 3447 vos
1034 3398 1285 3447 dissensio

217 3475 572 3525 excitaretur?
620 3476 636 3502 ‘
662 3476 780 3525 Hoc
803 3483 917 3525 erat
937 3478 1072 3524 alma
1093 3490 1284 3539 parens

218 3552 348 3616 quod
388 3568 474 3601 me
511 3566 607 3616 per
640 3553 764 3611 tela,
807 3568 903 3616 per
925 3554 1071 3617 ignes
1090 3553 1285 3616 eripis,’

218 3631 309 3679 διο.
375 3629 651 3692 Virgilium
776 3682 782 3687 ‚

274 3706 441 3755 Medio
465 3704 665 3767 Mauro]
710 3704 933 3754 Gildone
956 3706 1284 3770 interposito,

218 3798 362 3848 quem
410 3783 815 3847 aggrediebatur
864 3785 1150 3847 Honorius,
1193 3786 1285 3834 sed

218 3858 465 3910 Arcadius
484 3874 605 3908 eum
632 3862 919 3924 tutabatur,
937 3870 993 3912 et
1010 3862 1126 3912 ideo
1148 3863 1288 3912 inter

218 3933 401 3986 fatres
425 3936 741 3986 nascebatur
764 3936 1042 3988 discordia.

276 4017 370 4063 23⁷
409 4014 659 4062 Germana
694 4014 830 4076 aula]
879 4015 1016 4064 Aula
1053 4016 1286 4065 Orientis

220 4088 272 4138 in
287 4090 414 4140 urbe
439 4091 916 4154 Constantinopoli,
943 4100 999 4141 et
1022 4091 1160 4141 Aula
1181 4092 1286 4141 Oc-

223 4168 436 4218 cidentis
459 4171 512 4217 in
549 4169 679 4217 urbe
714 4169 896 4231 Roma,
927 4185 1044 4234 quie
1066 4168 1288 4218 fratrum

222 4245 347 4298 Aula
368 4262 473 4296 una
493 4261 610 4295 esse
634 4245 873 4311 deberet,
894 4254 951 4296 et
989 4260 1091 4296 uno
1115 4245 1287 4296 animo

226 4325 588 4375 administrari.

1426 2860 1525 2906 238
1560 2854 1726 2918 Salus]
1763 2853 1846 2905 An
1886 2856 2024 2904 salus
2058 2853 2301 2905 Gildonis
2324 2846 2457 2905 esse'

1362 2933 1527 2984 debet
1551 2934 1842 2997 praemium,
1857 2946 2159 2996 mercesque
2178 2938 2438 2983 tantorum

1362 3012 1502 3062 inter
1545 3010 1730 3060 fratres
1769 3011 2023 3072 odiorum,
2069 3016 2438 3074 tantarumque

1364 3087 1611 3148 cladium,
1635 3087 1869 3136 Honorio
1893 3086 2034 3135 illum
2059 3086 2369 3150 lacessente,
2385 3091 2441 3135 et

1365 3162 1685 3213 defendente
1730 3161 1978 3225 Arcadio,
2019 3168 2080 3210 ut
2122 3161 2326 3212 scilicet
2371 3160 2439 3210 ab

1365 3241 1461 3290 hoc
1485 3248 1668 3288 contra
1702 3239 1847 3289 illum
1884 3240 1993 3303 eJus
2030 3239 2141 3287 vita
2168 3252 2441 3288 conserve-

1368 3325 1452 3365 tur
1473 3317 1491 3364 ?
2164 3320 2167 3323 '

1431 3398 1530 3443 239
1564 3392 1778 3456 Morum]
1808 3392 2096 3454 Virtutum,
2125 3407 2244 3440 nam
2267 3405 2438 3440 mores

1368 3477 1490 3521 sunt
1510 3485 1660 3521 omne
1685 3484 1846 3534 genus
1872 3469 2096 3518 virtutis.
2161 3468 2179 3496 ⁴
2203 3467 2441 3516 Maxima

1367 3548 1506 3596 enim
1550 3560 1746 3609 morum
1794 3558 2002 3607 semper
2044 3541 2301 3606 patientia
2339 3541 2442 3590 vir-

1367 3630 1450 3673 tus
1471 3624 1502 3684 ς’
1558 3624 1711 3674 Cato.
1793 3622 1807 3649 ‘
1833 3620 2189 3685 Egregiusque
2243 3615 2441 3682 anim&

1367 3702 1649 3766 Virgilius:
1687 3700 1962 3761 reticetur,
1982 3698 2178 3747 viante.

1434 3778 1646 3841 Magno]
1686 3777 1887 3826 Pretio.
1953 3775 2229 3838 Virgilius:
2267 3772 2282 3802 ‘
2309 3773 2440 3825 Cum

1368 3873 1558 3922 magno
1617 3857 1882 3921 optaverit
1929 3862 2125 3905 emtum
2175 3854 2443 3904 Intactum

1369 3934 1648 3985 Pallanta!

1431 4020 1530 4064 240
1567 4014 1754 4078 Pietas]
1803 4012 1964 4063 Gildo
1984 4013 2182 4077 ,dignus
2215 4017 2316 4072 est,
2351 4009 2442 4074 qui

1368 4091 1584 4153 efficiat,
1608 4099 1666 4140 ut
1688 4090 1851 4140 frater
1873 4107 1905 4139 a
1926 4090 2089 4139 fratre
2127 4088 2360 4150 recedat,
2381 4090 2446 4136 nt

1367 4169 1535 4220 frater
1557 4168 1771 4218 fratrem
1793 4166 2021 4217 oderit?·
2042 4167 2225 4217 Pietas
2247 4163 2444 4214 dieitur

1370 4247 1437 4296 de
1462 4247 1603 4307 Deo,
1626 4245 1694 4295 de
1719 4248 1905 4310 patria,
1926 4245 1994 4294 de
2031 4238 2355 4310 parentibus,
2374 4238 2442 4290 de

1339 4326 1343 4331 ’
1369 4324 1643 4390 fratribus,
1662 4327 1761 4376 &⁰0
1847 4387 1853 4393 ι
