2925 4928
963 412 1060 460 nn
1107 412 1207 461 κν.
1255 412 1468 463 cous.
1513 415 1799 466 nonna.
2331 398 2480 470 256

281 553 844 640 Praecipitemque
876 559 1001 623 sui.
1090 557 1314 625 Rabie
1347 581 1680 627 succensa
1709 554 2068 634 tumescit:

277 655 713 722 Contrahitur
739 659 1091 743 tepefacta
1111 671 1331 729 metu:
1379 684 1660 750 cumque
1688 670 1918 735 omnia
1937 690 2174 737 ‘secum

276 759 592 838 Duceret,
616 766 681 824 et
702 763 996 845 requiem
1023 766 1343 830 membris
1367 787 1618 833 vesm
1645 780 1956 855 negaret3

275 859 547 926 Invenit
574 863 907 946 pulmonis
937 885 1159 948 opem,
1183 864 1659 957 madidumque
1687 874 1928 940 furenti

275 962 609 1044 Praebuit,
635 971 712 1031 ut
740 968 1015 1034 tumidae
1044 980 1302 1037 ruerent
1329 976 1400 1037 in
1425 977 1658 1041 mollia
1674 976 1885 1042 fibrae.

274 1063 366 1131 At
392 1067 535 1135 sibi
562 1076 800 1134 cuncta
829 1079 1088 1155 petenS,
1120 1076 1215 1138 nil
1244 1078 1566 1143 collatura
1597 1078 1886 1163 Cupido,

273 1166 359 1232 In
371 1168 566 1254 Jecur
586 1179 656 1236 et
683 1179 930 1239 tractus
953 1176 1124 1241 imos
1154 1180 1512 1262 compulsa
1537 1183 1837 1247 recessit.

279 1269 476 1351 Quae,
507 1275 697 1340 velut
726 1278 1048 1344 immanes
1077 1287 1328 1347 reserat
1358 1283 1519 1349 dum
1546 1285 1772 1349 bellua
1797 1286 2029 1367 rictuS,

2343 775 2474 840 245

2346 1288 2479 1355 25⁰

275 1436 320 1480 et
339 1431 561 1494 cupidam
579 1435 790 1495 nocendi,
811 1439 857 1484 et
878 1450 925 1484 se
943 1438 1337 1501 proecipitantem.
1406 1443 1485 1491 Ea
1518 1442 1664 1506 regio
1685 1443 2158 1507 inflammatasurore
2178 1451 2359 1509 turget,
2383 1449 2476 1498 ad-

273 1495 371 1547 huc
389 1496 653 1561 subcalido,
692 1505 976 1561 angustatur
1007 1502 1212 1561 timore3
1245 1510 1292 1553 et
1312 1520 1417 1555 cum
1437 1507 1517 1555 ira
1541 1514 1728 1571 raperet
1759 1515 1927 1559 cancta
1957 1526 2128 1571 secum,
2148 1517 2284 1575 atque
2306 1514 2472 1563 insana

273 1575 362 1609 non
381 1563 521 1610 daret
542 1564 747 1625 quietem
762 1566 965 1628 corpori,
984 1568 1159 1629 reperit
1193 1570 1423 1619 auxilium
1451 1573 1699 1635 pulmonis,
1720 1578 1768 1623 et
1790 1574 1932 1633 illum
1956 1576 2116 1636 objecit
2138 1577 2377 1627 humidum
2397 1594 2476 1627 ar-

276 1624 420 1684 denti,
442 1626 654 1691 utflbrae
674 1633 918 1690 turgentes
936 1631 1227 1682 subsiderent
1250 1635 1436 1685 leniter.
1502 1636 1598 1685 Sed
1630 1638 1867 1700 cupiditas
1891 1655 2083 1704 poscens
2116 1656 2211 1705 pro
2232 1657 2281 1690 se
2303 1643 2479 1703 omnia,

279 1696 331 1739 et
356 1690 482 1740 nihil
511 1693 702 1757 datura,
728 1695 867 1756 pulsa
899 1697 1085 1746 secessit
1102 1697 1153 1746 in
1161 1698 1316 1763 jecur,
1333 1706 1380 1749 et
1401 1701 1619 1763 regiones
1637 1703 1839 1768 ivfimas.
1910 1704 2031 1760 Quoe
2061 1706 2340 1772 cupiditas,
2359 1707 2481 1757 sicut

1201 1840 1493 1862 §enee-eeu
1497 1844 1554 1863 00

271 1931 355 1979 vel
371 1934 738 1986 tremescitVat.
754 1944 1086 2002 quart—244
1098 1943 1330 2006 tepefacta
1345 1950 1454 1994 tres
1465 1947 1586 1997 Vat.
1601 1948 1752 1999 Farn.
1769 1948 1910 1999 Prie.
1928 1949 2090 2013 Oisel.
2108 1951 2237 2000 Exc.
2255 1949 2479 1999 Lucens.

275 2009 355 2058 pr.
407 1998 677 2060 stupefacta
698 2017 837 2051 manu
860 2006 944 2053 vel
963 2011 1092 2056 metu
1111 2009 1235 2059 LoV.
1285 2009 1549 2073 stupefacta
1571 2013 1683 2063 Pal.
1706 2014 1851 2063 Med.
1876 2030 1957 2078 pr.
1976 2014 2156 2064 Ambr.
2179 2029 2266 2079 pr.
2282 2020 2336 2063 et
2359 2029 2467 2064 sec.

274 2074 344 2108 m.
367 2075 475 2110 sec.
501 2066 585 2114 ed.
605 2065 782 2115 -Parm.
806 2069 979 2119 Vicet.
1003 2078 1061 2120 et
1092 2073 1166 2122 sic
1200 2073 1364 2124 edidit
1394 2075 1556 2126 Gesn.
1607 2078 1842 2137 tabefacta
1876 2086 1979 2129 vet.
2020 2080 2149 2129 Cod.
2188 2079 2326 2129 unde
2355 2079 2479 2128 labe·

261 2123 401 2184 sacta
422 2126 556 2189 legit
582 2128 846 2181 Heinsius,
872 2142 931 2184 ut
955 2135 1068 2184 Lib.
1091 2151 1131 2185 1.
1176 2138 1228 2186 in
1262 2137 1388 2190 Ruf.
1413 2139 1530 2191 init.
1568 2143 1582 2169 ‘
1608 2156 1779 2192 rursus
1803 2143 2060 2193 labefacta
2083 2144 2306 2193 cadebat
2340 2144 2481 2193 Reli·

274 2189 392 2252 gio.'
438 2192 720 2252 tremefacta
759 2197 901 2247 Pric.
934 2201 1191 2261 tumefacta
1227 2203 1373 2252 Med.
1410 2212 1534 2255 tert.
1570 2208 1805 2270 tepefacta
1834 2211 1915 2258 vel
1949 2209 2209 2272 stupefacta
2248 2210 2368 2258 Vat.
2403 2223 2484 2271 pr.

273 2253 507 2312 tabefacta
530 2258 614 2306 vel
633 2260 898 2323 stupefacta
921 2265 1051 2327 Reg.
1077 2266 1250 2316 Oxon.
1285 2267 1412 2327 fecit
1435 2284 1531 2333 pro
1552 2286 1704 2321 secum
1733 2274 1879 2324 Med.
1901 2278 2232 2338 quarn—245
2267 2274 2484 2323 Verteret

260 2317 472 2369 -Moret.
490 2336 572 2384 pr.
590 2324 746 2373 rabies
759 2341 931 2376 vesana
947 2329 1070 2380 Put.
1088 2333 1265 2381 levaret
1278 2335 1639 2387 'rimam—246
1649 2336 1838 2396 furenti
1857 2339 2037 2403 viginti
2053 2339 2213 2388 Codd.
2233 2341 2361 2388 Exc.
2379 2338 2484 2388 Ge-

274 2391 408 2433 vart.
437 2386 661 2438 Luceus,
699 2404 805 2440 sec.
844 2393 968 2444 Var.
1004 2396 1106 2446 LL.
1130 2411 1160 2445 e
1190 2412 1348 2461 marg.
1372 2399 1549 2450 Parm.
1567 2403 1748 2467 fluenti
1770 2403 1855 2453 ed.
1873 2406 2043 2452 Vicet.
2083 2403 2273 2463 farm-is
2293 2405 2484 2453 Fut.—

273 2451 370 2499 24⁷
401 2450 591 2508 timidae
610 2467 705 2517 pro
726 2457 924 2507 tumidae
946 2459 1090 2511 Leid.
1114 2467 1357 2525 ρι’.-248
1389 2463 1460 2515 At
1476 2466 1567 2515 sibi
1586 2473 1755 2517 cuncta
1780 2476 1958 2531 petens.
2002 2470 2244 2517 Heinsius
2292 2467 2483 2531 ascrip-

273 2521 412 2565 serat
432 2516 606 2566 locum
645 2521 762 2571 Val.
796 2522 943 2573 Max·
966 2538 1044 2575 lx.
1068 2531 1116 2576 4.
1159 2533 1288 2577 certa
1310 2530 1434 2579 Var.
1457 2532 1559 2581 LL.
1582 2533 1664 2582 ed.
1688 2534 1842 2582 Antv.
1887 2549 1971 2583 nec
1987 2535 2213 2583 collatura
2239 2534 2366 2596 Reg.
2415 2534 2486 2581 nil

274 2580 505 2630 collatura
525 2582 660 2633 Exc.
682 2583 834 2636 Laeti.
887 2592 1131 2639 conlatura
1152 2594 1280 2643 Exc.
1304 2594 1525 2644 Lucens.
1544 2611 1619 2659 pr.
1671 2612 1825 2646 secum
1840 2600 2000 2648 latura
2025 2598 2143 2647 Ald.
2200 2614 2303 2647 cam
2323 2600 2483 2647 latura

274 2643 416 2694 Med.
450 2652 577 2697 tert.
608 2650 820 2699 celatura
855 2652 937 2702 ed.
971 2655 1143 2706 Vicet.
1190 2663 1480 2719 proestatara
1501 2661 1802 2712 Pria—249
1833 2678 2091 2725 conspressa
2115 2663 2243 2711 Exc.
2268 2662 2485 2711 Voss.-

275 2710 371 2756 250
402 2709 628 2761 immanis
661 2714 804 2765 Med.
845 2723 962 2767 tert.
994 2720 1126 2782 Reg.
1161 2722 1281 2773 Pat.
1316 2724 1486 2774 Oxou.
1509 2740 1587 2789 pr.
1614 2726 1741 2776 Exc.
1763 2728 1980 2777 Lucens.
2002 2742 2080 2790 pr.
2104 2734 2159 2777 et
2181 2728 2304 2776 Var.
2326 2727 2430 2776 LL.
2454 2740 2486 2775 e

277 2786 436 2837 marg.
461 2775 639 2826 Parm.
689 2786 869 2830 reserat
893 2783 1036 2833 Med.
1072 2800 1174 2835 sec.
1230 2794 1405 2838 reseret
1425 2789 1547 2841 Jun.
1570 2790 1713 2840 Leid.
1747 2792 1941 2842 Lovan.
1984 2794 2110 2843 Var.
2147 2792 2248 2841 LL.
2271 2807 2302 2842 e
2322 2805 2489 2855 marg.

277 2835 447 2889 Parin.
468 2838 592 2892 Ald.
611 2849 669 2892 et
690 2844 796 2895 alii.
842 2848 955 2896 dam
977 2847 1078 2899 duo
1100 2850 1243 2902 Med.
1268 2852 1391 2904 Put.
1424 2855 1549 2905 Var.
1568 2856 1673 2906 LL.
1697 2870 1727 2905 e
1749 2871 1912 2921 marg.
1931 2858 2103 2907 Parm.
2126 2864 2181 2907 et
2202 2856 2323 2907 Ald.
2373 2857 2487 2906 dam

1270 2981 1485 3049 Nom:

336 3078 435 3125 243
469 3077 869 3146 Praecipitemque
890 3085 991 3148 sai]
1021 3085 1037 3113 ‘
1059 3087 1224 3137 Furor
1241 3086 1341 3138 ira-

1420 3088 1640 3140 furentis
1663 3091 1828 3143 leniat
1845 3098 2002 3157 atque
2024 3091 2291 3141 eventilet.

274 3166 376 3217 qne
413 3161 646 3220 mentem
679 3158 1061 3225 Praecipitant,’
1082 3171 1139 3212 et
1171 3163 1236 3213 ad
1268 3171 1340 3214 te-

1494 3169 1590 3216 247
1626 3167 1688 3216 In
1716 3169 1897 3232 mollia]
1932 3170 2008 3218 Ut
2044 3168 2191 3218 tibrae
2228 3174 2487 3218 tumentes

274 3243 415 3280 mere
438 3232 700 3295 agendum
720 3234 1012 3298 impellunt.

264 3341 270 3349 .
337 3306 759 3374 Rabiesuccensa]
810 3312 906 3360 Illa
930 3314 1073 3377 regio
1099 3329 1191 3379 per
1211 3315 1338 3365 iram

277 3379 571 3433 effervescit
599 3392 759 3450 atque
800 3388 1002 3453 ebullit,
1040 3390 1186 3440 venis
1226 3398 1341 3442 toto

275 3473 496 3524 corpore
519 3461 761 3514 incensis.

336 3540 434 3585 244
487 3537 763 3601 Tepesacta]
834 3540 1019 3591 Adbuc
1064 3543 1342 3609 subcalida,

272 3620 326 3661 et
354 3612 705 3679 refrigescens
733 3631 799 3665 ex
823 3618 911 3667 ino
935 3619 1122 3670 ardore
1145 3622 1344 3670 iracun—

271 3688 370 3738 diae
415 3692 762 3756 contrahitur,
821 3694 1144 3747 detumescit.
1233 3698 1343 3749 Alii

270 3763 453 3829 legunt
474 3767 756 3827 tronefacta
784 3775 929 3835 metu,
950 3772 1034 3821 vel
1062 3772 1342 3839 stupefacta,

271 3854 368 3892 nec
389 3844 549 3893 male.
596 3893 601 3900 ,

330 3922 426 3968 245
461 3921 702 3986 Duceret]
743 3922 874 3973 Cum
916 3925 993 3974 ira
1032 3939 1206 3975 secum
1240 3939 1346 3976 om-

271 3994 357 4044 nia
390 4005 629 4060 raperet,
671 4006 954 4064 everteret,
976 4008 1032 4051 et
1070 4016 1162 4051 suo
1202 4009 1346 4053 motu

271 4078 434 4123 totum
474 4072 689 4138 corpus,
728 4077 875 4125 velut
909 4084 1132 4140 torrens,
1169 4077 1343 4141 oppri-

268 4156 433 4200 meret
454 4156 618 4216 atque
648 4153 1024 4215 pessumdaret,
1047 4154 1337 4218 pulmonem

271 4224 485 4290 invenit,
539 4227 709 4291 cujus,
749 4228 960 4282 humido
1016 4235 1071 4280 et
1123 4229 1340 4279 salutari

198 4338 202 4341 ι
275 4298 414 4369 flatu,
432 4302 700 4355 fervorem
712 4305 890 4376 ,cordis
918 4305 1151 4361 ardent'ss
1185 4311 1340 4376 atque

1419 3240 1687 3291 subsidant
1709 3244 1915 3305 leniter,
1932 3242 2158 3308 fiantque
2180 3244 2456 3293 molliores.

1485 3319 1584 3367 248
1620 3318 1824 3382 Cupido]
1857 3319 2131 3382 Cupiditas
2174 3325 2341 3367 mater
2382 3332 2488 3366 om-

1419 3393 1563 3441 nium
1585 3395 1857 3456 scelerum,
1888 3395 1979 3444 sed
2017 3393 2307 3458 praesertim
2326 3392 2489 3442 avari·

1421 3468 1512 3519 tiae
1553 3476 1607 3519 et
1640 3486 1887 3532 amorum,
1924 3471 1979 3519 in
2018 3471 2230 3535 regione
2266 3469 2483 3533 jecoris,

1422 3561 1539 3610 quae
1577 3547 1720 3609 regio
1757 3545 1973 3596 inferior
2008 3554 2089 3595 est
2127 3560 2281 3610 quam
2332 3544 2483 3594 sedes

1422 3622 1613 3686 cordis,
1632 3624 1882 3672 collocata
1898 3630 1995 3672 est.
2052 3623 2190 3672 Hinc
2210 3619 2487 3671 distichum

1422 3699 1580 3748 illud:
1612 3699 1629 3726 ‘
1653 3701 1757 3750 Cor
1778 3701 1937 3763 sapit,
1959 3707 2014 3749 et
2031 3700 2216 3748 Pulmo
2241 3699 2487 3763 loquitur,

1421 3776 1516 3825 Fel
1539 3776 1767 3826 concitat
1801 3776 1923 3839 iras,
1945 3777 2104 3840 Splcn
2136 3775 2305 3824 ridere
2339 3773 2484 3838 facit,

1423 3852 1567 3915 cogit
1585 3867 1756 3902 amare
1780 3852 1979 3904 Jecur.’

1491 3932 1589 3977 249
1626 3929 1823 3977 Tractus
1843 3928 1981 3991 imos]
2019 3930 2161 3980 Quos
2187 3928 2351 3993 pudor
2373 3926 2488 3978 abs-

1427 4002 1625 4065 condit,
1650 4011 1706 4053 et
1727 4004 1990 4053 nominare
2015 4010 2181 4053 vetat.
2361 4031 2362 4034 =

1420 4101 1423 4106 ·
1494 4080 1764 4143 Compulsa]
1813 4080 2083 4143 Cupiditas
2106 4086 2162 4130 et
2184 4079 2364 4142 libido,
2382 4077 2483 4127 nisi

1422 4154 1778 4219 coerceantur,
1800 4158 2040 4219 emicant,
2074 4162 2129 4205 et
2162 4163 2363 4219 partem
2402 4169 2483 4203 su-

1419 4232 1677 4295 periorem
1735 4233 2004 4299 invadunt,
2051 4231 2483 4298 impudenterque

1422 4307 1655 4360 turbant.
