2925 4928
463 415 629 490 '282

494 583 668 650 Cum
696 583 1021 664 transiret,
1056 590 1243 651 erat:
1272 579 1522 670 perte.
1547 590 1861 673 viresque
1894 577 2182 655 tuorum'

495 688 749 754 Fracta
775 690 1058 755 ducum:
1090 688 1403 774 lugetque
1434 694 1565 757 sibi
1581 694 1725 778 jam
1756 713 1907 759 rara
1939 691 2308 778 sup‘e'rsteS.

491 788 605 869 Et,
639 812 921 876 quorum
952 793 1168 856 turbae
1204 791 1501 876 spatium
1528 797 1643 859 vix
1673 796 1963 879 praebuit
1993 797 2193 876 orbis,
2309 807 2314 812 '

493 893 652 960 Uno
678 896 844 959 colle
875 895 1131 960 latent:
1175 897 1441 975 sitiens,
1484 898 1878 983 inclusaque
1910 895 2096 965 vallo

493 997 781 1082 Ereptas
812 998 1133 1081 quaesivit
1162 1014 1399 1083 aquas,
1434 1019 1603 1084 quas
1629 1002 1935 1066 hostibus
1965 1006 2115 1067 ante

489 1101 784 1184 Irrignas
809 1101 944 1164 alio
979 1102 1301 1166 Stilichon
1323 1102 1693 1167 deflexerat
1724 1111 1903 1182 actu,

494 1203 989 1287 Mirantemqu‘e
1017 1223 1228 1269 novas
1256 1206 1493 1286 ignota
1522 1226 1643 1289 per
1672 1207 1830 1271 avia
1858 1199 2096 1271 valles,

491 1299 536 1373 J
541 1312 801 1384 usserat
830 1327 1068 1371 averso
1098 1307 1378 1372 fluvium
1411 1310 1691 1392 migrare
1720 1315 1963 1374 meatu.

494 1408 717 1475 Obvia
748 1411 909 1496 quid
941 1412 1177 1475 mirum
1200 1413 1402 1490 vinci,
1435 1433 1590 1476 cum
1620 1412 1949 1477 barbarus
1979 1412 2152 1477 ultro

1164 437 1311 490 ³01..
1346 431 1786 491 antJmAm
1837 431 2005 493 vm‘.

487 1588 562 1640 cia
582 1593 777 1653 arctior,
795 1608 898 1642 cum
918 1595 1326 1654 transgrederetur
1345 1610 1361 1643 .·
1397 1595 1550 1644 deleta
1569 1599 1639 1643 est
1654 1609 1739 1657 per
1776 1600 1841 1655 te,
1880 1598 1929 1642 et
1945 1608 2040 1658 per
2061 1593 2288 1643 virtutem
2311 1595 2572 1643 Ductorum
2595 1598 2696 1642 tuo·

489 1670 596 1705 rum
617 1674 633 1705 .·
650 1672 705 1705 ac
713 1656 819 1714 jam
837 1658 926 1706 illa
940 1673 1092 1722 pauca
1110 1660 1250 1708 velut
1266 1666 1385 1724 post
1399 1674 1448 1709 se
1468 1665 1700 1723 superstes
1721 1658 2083 1722 remaneasflet.
2104 1659 2261 1722 Atque
2277 1660 2449 1709 hostes
2466 1659 2696 1721 sepeliun-

491 1726 573 1769 tur
590 1721 638 1770 in
656 1724 769 1771 colle
780 1724 945 1780 umbo,-
976 1724 1143 1774 hostes
1159 1741 1353 1787 quorum
1370 1724 1667 1773 multitudini
1680 1726 1765 1774 vix
1774 1727 1969 1773 mundus
1984 1724 2299 1787 suppeditavit
2311 1724 2513 1788 spatium
2527 1740 2543 1772 .·
2574 1735 2696 1784 gens

487 1786 731 1837 sitibunda
743 1794 789 1837 et
804 1789 1109 1853 circumsepta
1125 1806 1298 1851 aggere
1312 1791 1558 1853 requisivit
1567 1805 1712 1853 aquas
1724 1792 1949 1851 «demtus,
1959 1805 2072 1852 quas
2085 1787 2286 1838 Stilicho
2298 1794 2536 1838 averterat
2554 1790 2696 1836 ductu

487 1851 690 1914 diverso,
702 1854 836 1916 prius
836 1855 1051 1918 fluentes
1069 1870 1162 1916 pro
1180 1854 1406 1917 hostibus,
1426 1861 1474 1904 et
1498 1856 1809 1918 imperaverat
1831 1854 2038 1917 fluvium
2059 1856 2367 1903 admirantem
2382 1855 2526 1902 valles
2550 1853 2699 1901 insue-

490 1921 583 1976 tus,
611 1933 700 1981 per
731 1919 834 1968 vias
866 1919 1149 1984 incognitas,
1158 1921 1317 1984 fluere
1336 1935 1474 1969 cursu
1495 1921 1745 1971 contrario.
1804 1920 1933 1976 Quid
1954 1919 2233 1968 admirabile
2254 1926 2333 1969 est
2352 1918 2568 1982 superari
2594 1932 2622 1966 a
2644 1920 2699 1967 te

1417 2050 1561 2070 ‘000‘
1567 2051 1590 2068 Ι
1598 2050 1772 2070 ΏΟΟΙΟΟ

486 2157 566 2207 pr.
590 2142 722 2192 Exc.
739 2144 1059 2195 Voss.-476
1090 2147 1317 2195 transiret
1335 2162 1478 2209 aquas
1488 2147 1690 2196 TholoS.
1736 2153 2005 2197 transitaret
2025 2148 2059 2200 J
2066 2162 2148 2197 un.
2170 2151 2412 2211 pre-477
2445 2137 2697 2209 lugeatque

489 2207 674 2257 Ambr.
724 2223 801 2270 pr.
848 2213 1056 2273 lucetque
1093 2211 1222 2260 Put.
1265 2212 1466 2274 licetque
1505 2211 1552 2259 T
1556 2212 1713 2260 holos.
1741 2213 1848 2273 jam
1891 2228 2002 2262 rara
2039 2214 2120 2261 vel
2155 2227 2273 2274 gens
2314 2227 2427 2261 rara
2467 2209 2698 2261 Oisel.-‘-—

490 2277 588 2323 ’478
622 2273 777 2321 turbis
795 2272 980 2325 Petav.
1004 2291 1109 2325 sec.
1146 2277 1358 2339 spatium
1378 2276 1529 2325 turbae
1550 2277 1675 2326 Vat.
1702 2293 1780 2341 pr.
1820 2279 1992 2343 sufficit
2015 2278 2211 2327 Moret.
2254 2292 2329 2341 pr.
2353 2278 2558 2326 contulit
2578 2278 2699 2337 Vat,

491 2344 660 2400 quart.
706 2338 889 2389 PetaV.
935 2355 1010 2402 pr.
1054 2342 1245 2390 Moret.
1269 2356 1370 2391 sec.
1413 2342 1594 2390 invenit
1618 2342 1698 2390 vel
1719 2344 1918 2393 contulit
1939 2343 2247 2393 Mem—479
2265 2343 2433 2403 jaceas
2468 2343 2594 2391 Vat.
2618 2356 2696 2403 pr.

491 2403 646 2452 Farn.
686 2402 954 2468 inclusaque
972 2407 1083 2454 colle
1102 2406 1224 2456 Jun.
1247 2409 1487 2470 pr.-—-480
1524 2407 1723 2455 Erectus
1749 2409 1873 2457 Vat.
1899 2405 2019 2458 t‘ert.
2053 2409 2197 2459 Rott.
2222 2408 2535 2457 Lem—481
2576 2408 2699 2455 Con-

489 2469 651 2518 tinuas
687 2469 805 2520 Pat.
848 2471 1110 2533 Contiguus
1148 2472 1329 2521 decem
1366 2472 1471 2521 alii.
1519 2472 1741 2534 Irriguas
1782 2475 1975 2523 Moret.
2018 2489 2094 2537 pr.
2136 2476 2234 2523 alto
2270 2475 2417 2524 Rott.
2458 2473 2700 2522 Stilichou

490 2533 795 2584 Exc.Laeti.
839 2535 1014 2585 Stilico
1047 2537 1170 2587 Vat.
1214 2553 1291 2600 pr.
1335 2544 1390 2586 et
1427 2539 1593 2601 quint.
1638 2540 1898 2588 deduxerat
1938 2538 2060 2587 Vat.
2085 2546 2256 2604 quart.
2281 2540 2465 2588 Petav.
2492 2553 2574 2601 pr.
2620 2539 2701 2586 de-

475 2598 692 2662 flexerat
719 2601 799 2649 vel
829 2604 1089 2650 deduxerat
1128 2601 1300 2651 Oxou.
1330 2617 1434 2652 sec.
1470 2618 1582 2651 arcu
1625 2617 1802 2659 omnes
1844 2605 1993 2654 Vatt.
2025 2605 2141 2653 Pan.
2177 2606 2331 2653 Farn.
2363 2606 2510 2653 Rott.
2537 2604 2701 2654 Oisel.

489 2669 599 2713 actu
619 2664 764 2714 Med.
792 2673 915 2716 tert.
943 2668 1074 2730 Reg.
1099 2668 1298 2716 Thuan.
1325 2668 1512 2716 Petav.
1540 2682 1616 2731 pr.
1642 2670 1844 2718 Bonon.
1866 2669 2070 2718 Tholos.
2094 2668 2276 2720 Ambr.
2300 2676 2421 2718 tert.
2445 2670 2576 2718 Lov.
2595 2673 2700 2717 vet.

489 2729 620 2792 Gyr.
645 2729 816 2780 Oxou.
843 2747 918 2794 pr.
946 2731 1092 2781 Leid.
1132 2747 1236 2782 sec.
1260 2734 1387 2782 Exc.
1431 2734 1657 2782 Lucens.
1703 2749 1804 2784 sec.
1838 2736 1966 2784 Exc.
2002 2736 2217 2784 Gevart.
2254 2742 2310 2783 et
2330 2735 2456 2783 Var.
2480 2734 2584 2782 LL.
2612 2733 2693 2782 ed.

490 2792 651 2844 AntV.
673 2795 915 2845 Heinsius
939 2797 1259 2860 conjiciebat
1274 2803 1396 2856 astu,
1414 2799 1504 2846 cui
1525 2797 1584 2846 τὸ
1604 2814 1718 2848 arcu
1735 2798 2260 2863 minus-probabatur,
2282 2799 2405 2864 quia
2423 2814 2564 2848 arcus
2583 2805 2699 2848 'tah-

491 2864 601 2907 tum
624 2859 791 2908 locum
808 2861 965 2910 habet
987 2863 1040 2909 in
1065 2861 1475 2926 Aquaeductibus
1499 2863 1752 2927 laqueatis
1773 2866 1853 2913 vel
1886 2858 2172 2923 fornicans,
2195 2865 2258 2913 de
2281 2864 2465 2928 quibus
2486 2864 2572 2912 hic
2594 2860 2697 2917 non

489 2923 660 2986 agitur
685 2940 698 2972 ε
737 2932 792 2973 et
813 2926 907 2974 hoc
933 2926 1205 2989 probatum
1227 2928 1336 2976 ibat
1358 2928 1476 2975 loco
1498 2930 1635 2977 Stat.
1658 2929 1769 2980 Lib.
1793 2942 1832 2978 1.
1856 2930 1997 2992 Sylv.
2032 2933 2114 2980 28.
2147 2934 2161 2956 ‘
2189 2929 2449 2991 praecelsis
2474 2943 2695 2993 quarum

489 2988 1050 3105 Xfi{}1{”323?1¹1¹⁵1:1¹t¹‘¹5
1076 2991 2700 3110 1‘{{,?⁸3}‘’'.?t1³333⁰:12‘3233fffaz111‘3‘32‘3‘5‘2221'02‘220332353

486 3116 688 3167 fornice
727 3090 882 3182 rivos,
922 3090 1048 3173 Qua·
1070 3121 1154 3169 vix
1188 3092 1500 3171 'imm-istra?
1525 3124 1731 3173 tolleret
1775 3094 1874 3173 Ir'is
1912 3138 2067 3188 aquas
2092 3075 2134 3173 J!
2165 3074 2697 3174 hactenuspHeins.--

388 3230 395 3238 ,
489 3186 586 3232 482
616 3198 702 3246 per
722 3184 853 3232 invia
887 3185 1118 3234 Floreat.
1145 3201 1213 3235 m.
1237 3192 1482 3248 pr.—-183
1515 3203 1676 3238 averso
1715 3188 1858 3238 Med.
1882 3195 2005 3238 tert.
2041 3191 2172 3252 Reg.
2209 3205 2275 3238 m.
2313 3204 2415 3237 see.
2439 3190 2567 3238 Var.
2591 3188 2695 3238 LL.

489 3247 575 3301 ed.
609 3247 770 3298 Antv.
810 3249 1003 3308 adverso
1041 3251 1172 3302 Exc.
1211 3253 1362 3304 Voss.
1402 3253 1573 3302 Oxou.
1598 3253 1745 3303 Leid.
1783 3255 1980 3304 Lovan.
2006 3254 2163 3304 Wolf.
2189 3256 2317 3306 Eae.
2343 3254 2565 3304 Gevart.
2600 3255 2700 3305 Lu-

1484 3382 1704 3433 NOTAE

549 3498 645 3545 477
681 3495 786 3545 Sibi
834 3497 1092 3560 superstes]
1158 3496 1321 3553 Quasi
1372 3496 1549 3546 vivens

488 3579 607 3637 post
661 3578 877 3623 mortem
918 3589 1083 3636 suam,
1126 3574 1179 3623 id
1219 3581 1319 3636 est,
1353 3574 1548 3635 vivens,

489 3649 699 3699 ademta
732 3649 832 3699 sibi
861 3651 1044 3713 gioria,
1066 3666 1179 3716 quae
1200 3651 1412 3701 fortium
1437 3652 1549 3700 vita

486 3728 586 3774 est.
651 3724 752 3773 Vel
769 3740 881 3774 rara
901 3732 1152 3790 superstes,
1188 3728 1240 3776 id
1278 3735 1375 3790 est,
1398 3727 1551 3790 pauci

487 3814 553 3849 ex
574 3799 728 3849 Getis
763 3809 1108 3866 remanentes,
1131 3804 1312 3867 vivunt
1332 3803 1435 3854 sibi
1467 3819 1551 3853 su·

485 3875 753 3941 perstites,
769 3875 823 3925 id
836 3881 933 3939 est,
946 3881 1253 3941 superstites
1267 3894 1370 3929 suae
1385 3880 1550 3944 genti,

488 3966 608 4018 qnoe
630 3951 806 4002 deleta
829 3951 998 4003 fuerat
1029 3956 1303 4005 maximam
1327 3963 1548 4019 partem.

551 4032 650 4078 479
684 4029 893 4093 Inclusa]
944 4033 1140 4081 Natant
1186 4034 1478 4097 Scriptores
1519 4049 1550 4083 a

487 4105 769 4155 Stilichone
790 4106 1011 4156 inclusos
1043 4122 1157 4156 esse
1192 4109 1381 4171 hostes,
1410 4116 1468 4159 et
1484 4109 1549 4157 ab

485 4183 669 4233 eodem
692 4183 947 4246 dimissos,
988 4184 1163 4249 sicque
1193 4185 1260 4233 ab
1284 4196 1345 4233 eo
1367 4200 1550 4248 pecca-

489 4267 600 4326 tum
622 4274 736 4311 esse
752 4267 938 4309 eontra
962 4261 1147 4324 Remp.
1186 4261 1419 4311 Orosius.

551 4340 647 4394 481
680 4335 978 4401 Destexerat]
1010 4337 1217 4393 Fluvios
1229 4337 1552 4401 abhostibus

1632 3503 1891 3559 avertere,
1914 3504 1970 3547 et
1990 3495 2086 3545 sibi
2103 3495 2514 3558 accommodare,
2529 3494 2700 3546 heroi·

1631 3588 1747 3622 cum
1770 3578 1868 3623 est.
2685 3592 2692 3595 ·

1691 3649 1840 3712 Actu]
1875 3649 2093 3713 Agendo
2115 3654 2171 3700 et
2195 3648 2510 3712 impellendo
2534 3663 2695 3715 aquas

1631 3725 1732 3775 alio
1768 3724 1947 3776 ductu.
2017 3725 2126 3775 Alii
2166 3726 2346 3788 legunt
2364 3739 2494 3786 arcu,
2522 3725 2576 3773 id
2598 3732 2697 3788 est,

1629 3800 1767 3852 fossa
1780 3809 1998 3852 curvata
2018 3801 2209 3852 flumen
2226 3799 2534 3852 deflectere.

1692 3883 1790 3928 483
1821 3880 2065 3943 Jusserat]
2093 3881 2249 3931 Quasi
2268 3893 2454 3927 numen
2466 3879 2695 3944 aliquod.

1692 3956 1873 4005 Averso
1894 3956 2072 4018 meatu]
2125 3957 2313 4016 Cursu,
2357 3957 2444 4020 qui
2485 3969 2696 4006 aversus

1628 4030 1697 4081 sit
1719 4039 1774 4082 et
1790 4032 2078 4082 contrarius
2100 4032 2270 4081 cursui
2295 4033 2536 4082 naturaii-

1693 4112 1790 4157 484
1827 4108 2001 4170 Obvia]
2057 4109 2198 4161 Quid
2231 4109 2416 4158 mirum
2449 4116 2533 4160 est
2573 4126 2607 4159 a
2639 4115 2693 4161 te

1629 4185 1765 4235 vinci
1788 4185 1955 4246 obvia,
1971 4186 2022 4235 id
2040 4193 2140 4248 est,
2161 4187 2436 4249 contraria,
2457 4186 2693 4249 adversm

1629 4262 1836 4311 hostilia
1877 4262 2098 4327 agmina,
2151 4277 2477 4328 quacumque
2508 4277 2692 4317 occur.-

1631 4348 1799 4391 runt·-
