2925 4928
463 393 596 470 646
1138 409 1256 458 οι..
1304 407 1735 459 cmmmANl
1786 405 1993 460 xxii.

463 553 637 618 Pars
667 552 936 618 sceleris
964 551 1306 617 dubitasse
1332 553 1480 619 fuit.
1573 553 2035 639 Quaecumque
2063 553 2349 639 profana

463 655 726 738 Pagina
752 655 835 720 de
862 654 1079 739 primo
1108 655 1404 720 venisset
1427 656 1643 720 limite
1675 655 1945 733 Phoebi,

465 757 650 824 Ante
677 758 913 824 fretum
944 758 1162 823 deleta
1188 758 1378 835 mihi,
1409 777 1493 823 ne
1524 760 1747 843 turpia
1778 760 1991 824 castis

465 860 766 926 Auribus
800 860 1018 926 Italiae
1048 860 1333 925 fatorum
1361 862 1677 948 exempla
1700 867 2054 928 nocerent.·

469 964 793 1030 Publicus
820 963 933 1027 ille
956 962 1136 1028 furor
1159 961 1516 1047 (quantum
1543 970 1662 1029 tua
1691 985 1851 1030 cura
1878 966 2138 1049 peregit
2163 960 2215 1048 ἔ)
2540 956 2676 1024 305

467 1066 811 1131 Secretum
838 1067 1099 1131 meruit.
1186 1066 1507 1144 Laetetur,
1540 1067 1845 1151 quisquis
1873 1067 2057 1131 Eoos
2661 1059 2673 1065 ’

468 1168 774 1234 Scribere
802 1167 1098 1234 desierit:
1142 1167 1353 1233 fastos
1385 1174 1695 1252 portenta
1725 1168 2033 1234 Gabinos

468 1269 617 1336 Ista
644 1271 877 1336 latent.
964 1270 1324 1354 Propriam
1351 1269 1573 1334 labem
1609 1271 1879 1334 tersisse
1907 1270 2236 1336 laborent.

468 1371 605 1437 Cur
628 1393 774 1455 eg0‚
806 1392 1010 1456 quem
1037 1391 1375 1456 nunquam
1406 1369 1615 1435 didici
1638 1373 1902 1437 sensive
1933 1380 2254 1452 creatum,

470 1474 788 1541 Gratuler
813 1477 1188 1542 exemtum‘l
1236 1475 1484 1542 Delicti
1515 1477 1794 1559 poenitet
1817 1476 2010 1541 illos:
2537 1476 2678 1543 31o

464 1656 715 1707 dubitasse.
780 1658 1064 1708 Mandatum
1084 1675 1217 1708 omne
1238 1660 1454 1723 ιἠιρὶιιηι,
1488 1662 1608 1725 quod
1627 1659 1917 1725 afferebatur
1936 1663 1994 1710 de
2011 1660 2181 1725 primis
2186 1659 2374 1727 finibus
2406 1660 2556 1722 Solis,
2593 1661 2675 1710 de·

465 1724 611 1771 letum
644 1727 713 1772 est
750 1736 782 1772 a
809 1738 883 1771 me
914 1729 1024 1773 ante
1058 1739 1212 1789 quam
1246 1726 1492 1775 transiret
1522 1726 1693 1787 maria,
1723 1741 1781 1775 ne
1810 1727 2023 1790 exempla
2044 1726 2251 1776 obscoena
2271 1725 2492 1785 fatorum
2531 1726 2673 1775 laede-

465 1792 574 1836 rent
608 1802 745 1837 aures
774 1788 970 1855 pudicas
1008 1789 1185 1838 Italics.
1252 1790 1348 1839 Illa
1378 1789 1535 1839 rabies
1566 1790 1755 1854 publica
1791 1793 2050 1854 (quantum
2084 1797 2167 1841 tua
2195 1791 2453 1856 prudentia
2478 1786 2675 1851 fecitl)

464 1853 638 1901 meruit
656 1853 898 1902 ocenum-i.
961 1852 1059 1903 Ille
1088 1856 1315 1917 gaudeat,
1346 1856 1619 1918 quicumque
1653 1857 1902 1905 cessaverit
1937 1855 2196 1905 describere
2217 1856 2469 1905 Consules
2501 1853 2675 1904 Orien-

464 1918 532 1965 tis
546 1932 562 1965 .·
582 1922 792 1966 monstra
811 1918 904 1966 ista
920 1918 1083 1980 ignota
1103 1919 1367 1975 suntsastis
1384 1920 1540 1969 Latii.
1596 1920 1648 1968 Si
1671 1921 1768 1970 hoc
1786 1928 1944 1983 esset,
1967 1925 2248 1970 conarentur
2268 1921 2416 1969 eluere
2437 1919 2558 1969 hanc
2578 1934 2679 1968 ma·

466 1983 637 2032 culam.
700 1980 803 2030 Sed
824 1997 970 2044 quare
991 1999 1095 2045 ego,
1133 1999 1271 2046 quem
1290 1999 1528 2046 nunquam
1555 1985 1748 2046 cognovi
1788 1991 1874 2035 aut
1906 1986 2224 2035 animadverti
2260 1985 2542 2034 Consulem
2563 1983 2675 2043 fac·

464 2050 588 2110 tum,
604 2046 801 2096 betchor
814 2048 1111 2097 deturbatum
1133 2050 1280 2098 esse?
1313 2049 1525 2098 Poenitet
1543 2049 1651 2098 illas
1669 2057 1842 2113 partes
1859 2050 2094 2101 Orientis
2128 2052 2277 2114 culpae
2298 2064 2406 2100 sure
2426 2065 2443 2110 ;
2476 2064 2563 2098 nos
2582 2063 2673 2098 ιιοιι

1397 2176 1757 2200 ΝΝΝΟΟΟΙΟΙ

465 2257 634 2302 coetnm
657 2254 781 2303 Var.
801 2256 906 2305 LL.
932 2258 1015 2306 ed.
1040 2257 1363 2309 Antv.-sol
1403 2262 1505 2310 Par
1526 2262 1645 2312 Vat-
1671 2277 1750 2326 pr.
1774 2278 1843 2312 m.
1874 2276 1951 2326 pr.
1988 2263 2120 2313 Proh
2142 2263 2261 2313 Pat.
2287 2261 2416 2311 Proh
2438 2260 2525 2309 vel
2551 2259 2676 2308 Pars

470 2318 553 2370 vel
580 2319 683 2367 Par
705 2321 850 2369 Rott.
882 2322 1100 2371 dubitare
1137 2323 1442 2374 Prie—302
1475 2328 1672 2375 venisset
1706 2330 1765 2377 de
1799 2327 1951 2390 primo
1990 2328 2145 2377 limite
2180 2326 2362 2376 Ambr.
2388 2341 2468 2389 pr.
2500 2323 2674 2373 lumine

466 2383 589 2430 Vst.
612 2383 776 2446 quint.
801 2385 946 2434 Med.
969 2401 1075 2435 sec.
1104 2388 1218 2436 Pat.
1242 2387 1426 2439 Ambr.
1449 2404 1554 2439 sec.
1588 2391 1753 2440 limine
1775 2392 1920 2442 Leid.
1944 2407 2023 2456 pr.
2047 2400 2102 2442 et
2122 2393 2396 2441 duodecim
2421 2389 2527 2450 alii,
2542 2389 2672 2437 Exc-

469 2446 669 2523 Schott.
696 2447 912 2503 Gevart.
951 2450 1141 2502 Sched.
1182 2452 1320 2504 Gud.
1353 2454 1515 2505 limine
1537 2457 1620 2505 vel
1644 2456 1797 2506 limite
1822 2458 2214 2508 Floreat—303
2237 2455 2425 2517 fretum
2448 2455 2531 2503 vel
2543 2452 2676 2514 foret

468 2511 633 2588 Oisel.
668 2515 914 2563 Heinsius
952 2517 1071 2566 huic
1103 2520 1276 2568 versui
1310 2519 1515 2569 obelum
1537 2530 1870 2584 apposuerat.
1900 2522 2072 2572 dilecta
2093 2523 2217 2575 Jun.
2242 2537 2319 2585 pr.
2352 2522 2533 2569 delecta
2556 2520 2676 2568 Vat-

466 2584 632 2690 Ἐιιιιι.
664 2580 821 2627 delata
843 2580 967 2630 Vat.
990 2596 1068 2644 pr.
1089 2591 1145 2632 et
1169 2590 1290 2632 tert.
1314 2585 1458 2635 Rott.
1482 2585 1624 2635 Pric.
1644 2602 1713 2635 ιιι.
1738 2601 1822 2650 ρι’.
1846 2587 2010 2637 Oisel.
2049 2588 2192 2637 Med.
2216 2601 2320 2636 sec.
2344 2601 2412 2634 m.
2440 2600 2520 2647 ρι’.
2550 2584 2674 2633 Put.

516 2655 670 2693 onon.
692 2644 894 2694 Tbolos.
920 2645 1092 2696 Oxou.
1114 2662 1191 2710 ρι’.
1227 2649 1381 2698 diaeta
1405 2649 1586 2699 Ambr.
1614 2666 1693 2714 pr.
1716 2652 1854 2700 unde
1889 2654 2129 2716 dteoerpta
2149 2651 2465 2715 conjiciebat
2490 2648 2675 2698 Heius.

467 2709 632 2759 -.-304
653 2707 898 2767 sactorum
941 2719 1045 2759 tres
1074 2712 1221 2763 Vatt.
1261 2714 1404 2763 Prie.
1444 2710 1595 2766 Rott.
1621 2717 1752 2765 Exc.
1778 2716 1937 2776 Laeti‚
1955 2718 2078 2765 Vsr.
2102 2718 2207 2766 LL.
2247 2730 2276 2764 e
2296 2729 2457 2777 marg.
2502 2714 2676 2763 Pau-m.

455 2769 676 2829 fatorum
698 2773 819 2823 Vat.
850 2789 931 2837 ρι’.
965 2776 1198 2826 Florent.
1220 2793 1291 2828 m.
1314 2792 1389 2841 pr.
1414 2779 1517 2828 duo
1543 2780 1686 2829 Med.
1726 2780 1853 2829 Put.
1876 2782 2076 2830 Thuan.
2100 2781 2184 2829 ed.
2227 2783 2400 2830 Psrm.
2423 2776 2478 2827 et'
2502 2777 2675 2828 Vicet.

362 2898 377 2905 ν
463 2840 657 2891 notaret,
675 2850 770 2900 pro
790 2844 976 2889 noceret
992 2842 1121 2892 Exc.
1141 2843 1272 2892 Cod.
1292 2843 1476 2893 Rhem.
1512 2850 1728 2894 notarent
1748 2847 1941 2895 Moret.
1964 2861 2043 2907 ρι’.
2065 2847 2250 2895 nocenti
2265 2846 2416 2893 Voss.
2439 2858 2506 2893 ιιι.
2533 2856 2678 2906 ρι’.-

465 2903 566 2955 306
597 2900 795 2951 Secreta
816 2904 1018 2954 Tholos.
1053 2906 1201 2956 omnis
1221 2909 1409 2956 loetetur
1428 2908 1613 2957 Ambr.
1636 2925 1716 2972 ρι’.
1775 2911 1903 2958 Eous
1927 2911 2087 2960 Gesn.
2109 2918 2163 2959 et
2186 2909 2270 2959 ed.
2293 2910 2507 2971 Bipont.
2562 2905 2683 2955 Eois

466 2964 570 3026 leg.
597 2966 780 3015 Barth.
832 2969 959 3017 Eoos
997 2971 1128 3020 Exc.
1169 2973 1388 3021 Luc-ens·
1426 2977 1697 3023 sem—807
1733 2976 1942 3023 deseruit
1979 2975 2127 3024 Leid.
2168 2990 2246 3039 pr.
2280 2975 2402 3022 Vat.
2431 2987 2538 3021 sec.
2562 2971 2678 3020 Pal.

468 3028 613 3104 Med.
635 3044 715 3093 pr.
738 3032 933 3082 Thusn.
975 3032 1157 3084 Ambr.
1196 3049 1275 3099 pr.
1316 3037 1490 3087 Oxon.
1531 3053 1611 3100 ρι’.
1651 3040 1801 3088 ambo
1840 3041 2034 3088 Mor-et.
2071 3038 2208 3088 unde
2229 3037 2442 3088 desuevit
2465 3036 2681 3098 legebat

468 3091 655 3148 Heins.
674 3094 841 3151 fastus
860 3097 978 3146 Pat.
1016 3097 1218 3149 Sabinos
1239 3099 1365 3151 Vnt.
1388 3103 1557 3166 quint.
1582 3103 1705 3153 Pnt.
1756 3104 1955 3154 Latinos
1975 3105 2277 3167 conjecerat
2299 3102 2568 3164 Heinsius,
2587 3098 2679 3149 sed

467 3163 652 3225 postea
672 3158 1048 3210 delum—308
1080 3163 1175 3212 Illa
1196 3163 1378 3214 Ambr.
1412 3181 1497 3229 ρι’.
1548 3168 1697 3216 labem
1721 3170 1963 3231 propriam
2002 3171 2102 3218 inc.
2138 3168 2324 3217 Heius.
2353 3166 2541 3215 Ambr.
2574 3179 2679 3215 sec.

467 3221 693 3297 transisse
730 3224 861 3285 Reg.
895 3227 1091 3275 Tbuan.
1144 3230 1349 3278 traxisse
1383 3230 1558 3281 Oxon.
1591 3247 1694 3282 sec.
1729 3233 1878 3281 ambo
1906 3234 2096 3282 Moret.
2150 3233 2402 3282 strinxisse
2422 3231 2550 3280 Vat.
2574 3244 2680 3279 sec.

467 3290 644 3336 texisse
682 3294 787 3338 tres
817 3291 964 3341 Vatt.
1002 3292 1145 3343 Prie.
1186 3295 1331 3345 Rott.
1372 3294 1533 3346 Oisel.
1569 3298 1672 3346 duo
1712 3298 1855 3346 Med.
1897 3298 2090 3347 Mazar.
2129 3298 2231 3347 duo
2262 3297 2453 3346 Peter.
2476 3297 2681 3344 Bonon.

468 3351 588 3400 Pat.
612 3353 819 3405 Tholos.
845 3355 1015 3406 Oxou.
1049 3372 1129 3420 ρι’.
1161 3359 1287 3407 Vat.
1323 3359 1492 3410 Livin.
1521 3362 1713 3410 ⁴rasisse
1734 3363 1835 3424 leg.
1858 3362 2203 3426 Barth..quod
2240 3362 2417 3424 placet
2441 3359 2684 3410 Heinsius·

467 3415 681 3466 laborant
722 3417 905 3469 Ambr.
942 3436 1020 3481 pr.
1064 3422 1196 3485 Reg.
1253 3423 1375 3473 Pat.
1414 3425 1562 3475 Med.
1609 3441 1714 3475 sec.
1753 3442 1819 3475 ιιι.
1860 3431 2106 3490 pra—399
2138 3427 2221 3489 qui
2259 3441 2514 3488 numquam
2555 3424 2680 3473 Put.
2718 3435 2725 3439 ·

467 3495 572 3542 quae
607 3482 733 3531 Vat.
772 3498 877 3531 sec.
921 3485 1073 3535 Farn.
1128 3502 1474 3552 nonnumquam
1513 3491 1644 3553 Reg.
1691 3506 1829 3553 quem
1867 3491 1972 3540 duo
2011 3491 2157 3540 Med.
2205 3491 2434 3539 Florent.
2476 3489 2679 3546 Timan-

467 3544 669 3594 Mazar.
709 3546 901 3622 petav.
941 3565 1022 3613 ρι’.
1068 3552 1263 3602 Moret.
1301 3568 1408 3604 sec.
1448 3554 1574 3602 Vat.
1622 3555 1795 3604 Livin.
1865 3571 1969 3619 quoe
2010 3557 2158 3604 deest
2199 3555 2342 3603 Med.
2387 3560 2513 3602 tert.
2584 3553 2682 3602 dici

469 3609 604 3671 Reg.
670 3612 772 3659 vidi
824 3613 1051 3665 Florent.
1126 3622 1369 3666 mentum
1417 3618 1501 3668 ed.
1550 3620 1726 3668 Vicet.
1784 3625 1841 3669 et
1896 3620 2248 3669 colim—310
2297 3619 2536 3667 Gratulor
2578 3618 2680 3665 dno

469 3673 622 3749 Vnt-t.
646 3675 763 3725 Pal.
788 3676 939 3728 Rott.
966 3702 971 3711 ι
996 3681 1224 3729 Gratanter
1245 3682 1434 3732 Petav.
1473 3699 1553 3746 ρι’.
1592 3699 1657 3733 ιιι.
1693 3698 1800 3733 sec.
1842 3685 1962 3733 Pat.
1985 3685 2197 3734 Tholas.
2220 3683 2402 3733 Ambr.
2425 3698 2529 3732 sec.
2558 3682 2681 3730 Vat-

473 3738 640 3790 stm.
673 3746 916 3805 exceptum
938 3744 1081 3794 Med.
1106 3753 1228 3797 tert.
1277 3749 1543 3810 exemplum
1563 3748 1710 3798 Leid.
1732 3764 1812 3811 pr.
1832 3764 1902 3797 m.
1925 3764 2028 3800 sec.
2051 3750 2204 3798 Farn-
2230 3749 2374 3799 Prie.
2397 3748 2522 3797 Put.
2549 3748 2682 3809 Reg.

1136 3848 1146 3863 ·
2673 3829 2678 3853 l

1475 3875 1685 3955 NOTAE

535 3981 629 4027 801
664 3981 944 4049 Dubitasse]
994 3985 1245 4037 Dubitavi
1288 3986 1426 4038 forte
1469 4003 1535 4038 an
1616 3991 1843 4055 emplum
1865 3991 2191 4057 praeberetur
2212 3989 2435 4055 posteris
2456 3986 2526 4038 sd
2545 3987 2683 4036 idem*

472 4053 618 4104 illum
654 4059 957 4111 sustinerem
999 4062 1157 4113 scribi
1191 4064 1245 4113 in
1281 4063 1446 4129 fastis,
1478 4073 1535 4116 et
1615 4068 1936 4119 tentandum.
2677 4072 2684 4080 ·

469 4130 567 4181 hoc
586 4144 754 4182 meum
777 4135 974 4187 crimen
996 4145 1097 4189 est.
1631 4176 1638 4179 s
1681 4148 1777 4193 305
1813 4144 2041 4194 Public„
2058 4141 2313 4206 mesum]
2361 4141 2482 4194 Quo
2503 4141 2685 4190 Eun-oa

537 4211 636 4258 304
672 4210 924 4277 Exempla]
956 4215 1043 4265 Ne
1064 4223 1241 4268 cresto
1264 4224 1367 4269 tam
1391 4218 1535 4270 foedo
1615 4219 1731 4283 pius
1754 4219 1945 4269 Consul
1970 4224 2176 4272 creatus
2200 4223 2297 4268 est.
2675 4236 2682 4249 ‘-

398 4326 407 4333 .
472 4288 528 4336 et
560 4284 821 4340 scelerato
844 4287 1091 4358 Consule,
1125 4295 1407 4359 pessimum
1443 4311 1552 4359 ext-⁸,
1677 4298 1774 4344 807
1827 4294 2061 4362 Gabinos]
2114 4295 2393 4360 Romanos,
2434 4307 2563 4360 quos
2603 4289 2680 4340 sie
