2925 4928
616 421 707 490 82
1367 433 1483 482 ct..
1531 430 1964 482 cunnum
2015 430 2064 482 1.

615 581 824 647 Nube
851 586 1070 665 pater,
1110 585 1503 662 gratamque
1541 578 1761 642 facem
1789 596 1913 660 per
1955 575 2154 640 inane
2179 580 2473 643 rotantes

617 684 960 768 Prospera
980 682 1226 748 vibrati
1255 686 1615 747 tonuerunt
1644 682 1866 744 omina
1888 679 2120 742 nimbi.
2231 674 2236 679 ’

614 785 914 870 Accepit
945 784 1212 849 sonitus
1245 785 1462 849 curvis
1493 783 1859 847 Tiberinus
1891 783 1961 845 in
1991 780 2196 844 antris
2225 794 2232 801 ·

616 887 769 953 Ima
797 888 974 953 valle
1021 888 1295 964 sedens,
1327 888 1734 971 arrectisque
1765 887 2041 952 auribus
2071 884 2288 963 haesit,
2703 886 2771 950 2]

617 990 822 1057 Unde
855 991 1247 1076 repentinus
1271 991 1430 1055 coeli
1460 990 1724 1070 fragor:
1756 988 1946 1053 ilicet
1973 988 2196 1054 herbis

617 1094 959 1161 Pallentes
988 1094 1346 1171 thalamoS,
1380 1099 1453 1157 et
1484 1099 1746 1164 structa
1774 1091 2035 1157 cubilia
2062 1108 2305 1155 musco

618 1197 918 1274 Deserit,
950 1218 1032 1262 ac
1066 1197 1407 1280 Nymphis
1437 1216 1670 1260 urnam
1700 1195 2120 1261 commendat
2146 1192 2445 1259 herilem.

616 1298 729 1365 Illi
760 1301 1002 1381 glauca
1029 1300 1246 1362 nitent
1266 1298 1528 1363 hirsuto
1550 1299 1808 1363 lumina
1829 1299 2037 1376 vultu,

617 1399 959 1466 Coeruleis
989 1399 1239 1465 infecta
1267 1401 1477 1479 notiS,
1507 1401 1860 1465 reddentia
1886 1408 2146 1484 patrem
2703 1399 2773 1464 2]

616 1501 1005 1568 Oceanum:
1040 1502 1265 1585 crispo
1299 1501 1622 1566 densatur
1642 1503 1937 1585 gramine
1965 1504 2168 1568 colla.

616 1604 900 1670 Vertice
933 1606 1235 1669 luxuriat
1265 1613 1411 1669 toto
1442 1604 1712 1669 crinalis
1746 1605 2042 1685 arundo;

618 1706 846 1788 Quam
890 1725 1110 1789 neque
1140 1705 1245 1769 fas
1280 1705 1613 1790 Zephyris
1642 1705 1879 1789 frangi,
1909 1727 2034 1771 nec
2056 1707 2202 1771 sole
2218 1714 2564 1792 perustam

611 1897 713 1966 poli
728 1899 964 1948 volventes
983 1900 1136 1948 lumen
1146 1898 1422 1959 jucundum,
1435 1899 1659 1961 concussi,
1681 1901 1884 1957 tonando
1897 1898 2175 1950 emiserunt
2194 1897 2601 1961 uuguriufeliciu.
2669 1898 2775 1948 Tibu

614 1965 798 2014 audivit
835 1979 1047 2013 murmur
1066 1964 1117 2012 in
1140 1979 1337 2013 caterua
1374 1969 1587 2025 curvata,
1634 1964 1812 2014 Tibris
1850 1967 2014 2014 sedens
2051 1965 2103 2012 in
2137 1965 2374 2027 profunda
2394 1965 2531 2025 valle,
2565 1969 2613 2013 et
2635 1965 2775 2014 ura-ib

618 2030 788 2079 erectis
831 2030 1090 2091 obstupuit,
1142 2032 1263 2078 unde
1283 2029 1465 2078 sonitus
1495 2031 1677 2079 subitus
1706 2031 1813 2078 coeli
1836 2029 2171 2093 proveniret:
2214 2029 2380 2078 statim
2402 2028 2626 2093 relinquit
2644 2031 2777 2079 alneu

614 2095 899 2158 squalentem
938 2092 1253 2156 graminibus,
1292 2099 1339 2142 et
1375 2096 1547 2143 lectum
1588 2099 1791 2144 stratum
1828 2111 2002 2156 musco,
2040 2099 2182 2157 atque
2219 2094 2370 2143 tradit
2394 2094 2634 2158 Nymphis
2654 2111 2777 2144 urna

615 2161 868 2209 dominum.
940 2161 1076 2207 Oculi
1115 2158 1320 2218 coerulei,
1341 2159 1475 2216 facie
1497 2158 1704 2222 hispida,
1725 2160 1941 2208 distincti
1962 2160 2160 2208 maculis
2173 2159 2423 2220 viridibuo,
2437 2159 2617 2208 similes
2631 2174 2777 2223 pur-eu

622 2225 814 2274 Oceano
835 2225 1027 2286 fulgent
1052 2224 1225 2287 inipso
1262 2224 1412 2273 Tibri
1438 2241 1450 2273 :
1491 2224 1647 2274 habet
1682 2225 1906 2274 cervicem
1942 2226 2198 2288 crispatam
2228 2224 2386 2273 herbis
2397 2224 2576 2286 spissis.
2640 2223 2703 2272 In
2727 2231 2777 2274 to

616 2289 772 2353 capite
789 2290 959 2339 Tibris
979 2305 1130 2338 canna
1149 2290 1281 2351 viget
1305 2304 1399 2353 pro
1422 2289 1651 2354 crinibus,
1671 2305 1811 2352 quum
1833 2305 2049 2339 cannam
2070 2304 2285 2355 rumpere
2305 2305 2398 2339 non
2421 2291 2532 2338 licet
2552 2291 2720 2355 ventis,
2741 2305 2776 2338 u

1536 2416 1895 2437 mumstu

616 2490 740 2542 Vat.
762 2490 926 2554 qu¹nt.
949 2497 1004 2539 et
1026 2490 1110 2540 ed.
1127 2490 1301 2540 Vicet.
1355 2494 1608 2541 tenuerunt
1645 2492 1767 2542 Vnt.
1793 2492 1916 2555 duo,
1939 2493 2055 2541 Pal.
2093 2492 2247 2542 Fam.
2284 2491 2425 2542 Prie.
2446 2491 2618 2541 Vicet.
2644 2492 2779 2541 Parn

615 2555 810 2673 ξυνῶ.
847 2562 1095 2604 sonuerunt
1133 2555 1253 2605 edd.
1292 2554 1514 2606 Amstel.
1551 2557 1711 2609 Blaw.
1733 2563 1790 2607 et
1812 2558 1990 2608 Elzev.
2038 2562 2305 2607 temserunt
2327 2557 2515 2606 Petav.
2537 2572 2618 2621 pr.
2667 2572 2779 2606 omna

668 2622 734 2672 al.
788 2621 945 2670 mnium
979 2622 1080 2669 duo
1118 2620 1262 2671 Med.
1303 2627 1359 2669 et
1412 2628 1522 2670 vet.
1581 2622 1879 2685 (ἤια-209
1909 2623 2107 2687 Accepit
2121 2623 2333 2673 &curvis
2357 2622 2462 2672 Tib.
2483 2622 2778 2671 Heinsiusa

614 2685 1112 2811 ffffi‘fftsszssffiss
1116 2686 1132 2733 ³
1137 2685 1363 2800 2193&
1372 2699 1412 2816 ¹5
1429 2685 2779 2815 {23⁶3ss{021⁰.‡{?³‘2.‘5.....‘1⁰⁶2m2÷31,5222323⁸&ss

616 2817 772 2878 Laeti,
796 2815 928 2865 unde
952 2816 1200 2865 Heinsius
1232 2817 1532 2878 conjecerat
1557 2787 1810 2867 Tiburnus.
1839 2832 2096 2881 currusque
2119 2818 2351 2867 Tribunus
2378 2818 2550 2867 Vicet.
2579 2817 2779 2868 Pium.-

614 2885 712 2931 210
745 2881 1032 2943 arrectisque
1055 2880 1176 2930 Ald.
1211 2886 1266 2929 et
1288 2881 1412 2929 Var.
1448 2882 1595 2930 Lect.
1620 2897 1649 2930 e
1672 2882 1902 2945 margine
1925 2882 2009 2932 ed.
2031 2882 2207 2931 Parm.
2261 2883 2458 2931 arrectis
2477 2882 2687 2942 auribus,
2709 2884 2779 2931 sin

615 2947 822 3009 copula,
843 2946 971 2994 Exc.
999 2946 1152 3003 Laeti,
1168 2946 1292 2994 Vat.
1309 2945 1411 2993 duo
1431 2952 1486 2995 et
1508 2946 1660 2995 Fam.
1716 2948 1884 2996 erectis
1902 2948 2024 2997 Vat.
2046 2947 2213 3012 quint.
2228 2946 2345 2995 Pal.
2367 2947 2516 2996 Leid.
2534 2962 2613 3008 pr.
2631 2947 2779 2996 Pera*

616 3024 701 3073 pr.
726 3011 827 3059 duo
846 3010 992 3058 Med.
1042 3010 1240 3058 vallibus
1265 3024 1393 3057 unns
1414 3011 1596 3059 Barth.
1649 3012 1805 3060 hausit
1830 3012 1986 3061 etiam
2018 3012 2120 3060 duo
2145 3011 2392 3073 ejusdem.
2424 3011 2568 3060 Prie.
2606 3013 2779 3061 omnib:

615 3075 741 3124 Vat.
766 3075 1085 3138 quint—211
1126 3074 1231 3123 coeli
1252 3075 1373 3122 Var.
1396 3074 1568 3123 Lectt.
1594 3088 1623 3124 e
1645 3090 1805 3139 marg.
1829 3076 2000 3124 Parm.
2035 3076 2222 3139 proprii
2244 3076 2357 3126 Pal.
2388 3077 2551 3140 populi
2575 3076 2674 3123 duo
2695 3077 2774 3124 Va

614 3138 769 3189 Fam.
798 3139 938 3188 Prie.
970 3138 1170 3203 scopulis
1213 3137 1400 3187 Sixtin.
1445 3139 1585 3202 quod
1630 3140 1847 3189 Heinsio
1886 3142 2181 3204 probatum,
2211 3141 2299 3205 qui
2339 3142 2450 3189 haec
2488 3142 2772 3204 ascripsere

614 3204 712 3266 leg.
753 3205 969 3268 scopulis.
1006 3204 1070 3252 de
1118 3204 1287 3252 Roma
1327 3203 1467 3263 alibi,
1510 3204 1629 3260 Quoe
1663 3211 1838 3267 septem
1879 3207 2081 3269 scopulis
2118 3220 2259 3255 zonas
2294 3205 2503 3254 imitaris
2546 3206 2779 3269 Olympi.-

611 3272 712 3320 212
746 3269 993 3319 Heinsius
1013 3269 1139 3331 legit
1159 3269 1472 3332 Squullentes.
1492 3273 1675 3319 structa
1697 3271 1819 3319 Vat.
1845 3271 1966 3333 duo,
1989 3271 2104 3320 Pal.
2129 3272 2283 3321 Farn.
2334 3275 2515 3319 structa
2555 3285 2647 3333 pro
2679 3272 2779 3322 vari

613 3334 842 3385 lectione
862 3335 1137 3384 Pam—213
1160 3339 1243 3383 aut
1268 3334 1412 3382 Med.
1444 3336 1566 3383 duo.
1621 3349 1791 3384 urnam
1826 3335 1945 3384 Vat.
1965 3351 2044 3398 pr.
2070 3336 2215 3386 Leid.
2241 3351 2320 3401 pr.
2346 3337 2538 3385 Mor-et.
2561 3341 2663 3384 vet.
2684 3335 2779 3399 ny

613 3398 803 3450 Petav.
832 3415 912 3464 pr.
937 3400 1037 3448 duo
1075 3398 1216 3448 Med.
1269 3398 1506 3447 domiuum
1532 3399 1668 3462 vulg.
1685 3400 1871 3448 domum
1892 3402 2126 3450 ιιι-214
2154 3400 2236 3449 iun
2260 3415 2352 3463 pro
2373 3400 2446 3448 illi
2466 3399 2608 3449 Med.
2631 3400 2779 3449 duo.-

612 3467 710 3515 215
751 3466 1062 3528 Caeruleisque
1093 3465 1280 3525 Isingr.
1321 3463 1419 3514 Ed.
1451 3464 1654 3526 Gryph.
1710 3465 2004 3528 caeruleisque
2039 3464 2216 3525 refecta
2248 3466 2397 3517 Junt.
2432 3465 2594 3514 Colin.
2655 3466 2779 3514 Coert

614 3529 704 3578 leis
723 3531 912 3595 absque
937 3531 1147 3592 copula,
1182 3529 1370 3578 Petav.
1405 3543 1482 3592 pr.
1507 3527 1653 3577 Med.
1686 3528 1807 3589 dno,
1839 3529 1924 3579 ed.
1949 3530 2122 3580 Parni.
2145 3538 2199 3580 et
2219 3531 2396 3579 Vicet.
2449 3529 2665 3579 membris
2687 3545 2779 3579 unu

616 3594 963 3646 Barth—216
1000 3595 1178 3645 Oceani
1199 3594 1344 3645 Med.
1383 3601 1554 3659 quart.
1607 3596 1831 3644 densatur
1853 3595 1999 3645 Leid.
2023 3610 2102 3661 pr.
2126 3611 2157 3645 a
2177 3610 2245 3645 m.
2269 3610 2374 3645 sec.
2429 3597 2679 3645 densantur
2697 3596 2775 3644 Va

1617 3735 1833 3787 NOTAE

613 3853 813 3906 fulmen
831 3854 1135 3919 secundum,
1157 3870 1249 3906 seu
1269 3872 1594 3921 prosperum,
1613 3872 1681 3906 ex
1761 3857 1974 3922 erigunt
2018 3873 2168 3908 aures
2209 3859 2458 3922 audituri,
2487 3858 2577 3909 sed
2608 3858 2779 3923 erigun

616 3946 719 3999 quo
743 3932 912 3980 omnia
941 3930 1207 3980 fortunata
1242 3931 1357 3981 fore
1381 3933 1680 3983 credantur.
1761 3941 1922 3998 caput
1942 3934 1995 3984 in
2019 3949 2122 3999 quo
2145 3942 2268 3985 sunt
2291 3951 2457 4000 aures.

681 4011 779 4058 209
818 4007 1088 4072 Tiberinus]
1122 4009 1333 4058 Fluvius
1357 4010 1556 4058 scilicet
1579 4010 1679 4058 Ro·
1823 4014 1920 4060 213
1961 4012 2139 4059 Urnum
2156 4011 2371 4074 herilem]
2428 4013 2550 4076 Ipse
2590 4012 2779 4070 Tiberi}

615 4098 751 4134 mam
774 4084 1003 4148 alluens,
1029 4085 1192 4150 quiet
1206 4084 1375 4135 Tibris
1393 4092 1450 4135 et
1474 4085 1680 4135 Tiberis
1759 4086 1847 4152 qui
1866 4086 2040 4135 Herus
2058 4102 2148 4136 seu
2173 4088 2426 4146 Dominus
2448 4094 2546 4150 est,
2564 4103 2779 4140 commen

617 4159 825 4210 dicitur.
1759 4162 1850 4224 dat
1870 4177 2050 4213 urnam
2067 4179 2209 4214 suam
2231 4165 2510 4228 Nymphis.
2545 4165 2702 4225 Urna,
2720 4180 2779 4215 cu

681 4240 779 4287 210
809 4236 1030 4288 Arrectis
1048 4238 1245 4289 auribus
1277 4238 1441 4302 Itoesit]
1492 4238 1681 4290 Atten·
1757 4238 1883 4301 bile,
1916 4239 2097 4304 barba,
2131 4247 2188 4291 et
2228 4240 2334 4302 alia
2352 4239 2618 4306 ejusmodi,
2642 4238 2778 4294 fluvit

617 4311 721 4368 tiu·
738 4314 955 4382 audivit,
973 4316 1266 4371 observavit
1285 4331 1300 4368 ε
1330 4317 1561 4370 homines
1579 4332 1681 4369 uon
1760 4316 2076 4370 tribuuntur.
2437 4307 2452 4316 ”
