2925 4928
452 421 585 489 140
1186 436 1303 485 cn.
1351 433 1781 484 caunum
1819 435 1895 484 v.

453 597 605 664 Nec
632 598 886 683 pudeat
910 598 1140 680 longos
1169 595 1604 679 interrupisse
1641 595 1928 673 labin-ee,
2561 594 2658 661 1⁵
2707 681 2720 688 ἡ

540 702 627 767 Et
656 710 916 767 tenuem
948 701 1173 765 Musis
1213 698 1646 766 constituisse
1674 695 1954 763 moram.
2729 696 2732 699 ’

452 805 691 873 Fertur
718 812 787 870 et
815 806 1177 870 indomitus
1207 805 1472 870 tandem
1503 811 1668 887 post
1695 805 1934 888 praelia
1972 804 2251 869 Mavors

537 910 756 974 Lassa
784 930 904 994 per
935 908 1263 994 Odrysias
1290 908 1561 973 fundere
1589 910 1885 972 membra
1913 908 2142 988 nives3

452 1009 860 1098 oblitusque
892 1013 1021 1091 sui,
1052 1013 1282 1096 posita
1312 1010 1699 1076 clementior
1727 1011 1943 1088 hasta,

539 1116 783 1194 Pieriis
814 1135 1011 1180 aures
1042 1114 1396 1200 pacificare
1422 1114 1659 1178 modis.
2563 1115 2656 1180 20

449 1274 631 1327 labores
664 1273 891 1339 infinitos,
921 1279 968 1323 et
992 1275 1164 1323 relaxa
1182 1275 1393 1324 animum
1427 1275 1622 1323 audiens
1657 1273 1889 1323 citharam
1926 1279 2151 1323 nostram.
2220 1274 2383 1337 Neque
2417 1272 2661 1323 erubescas

448 1340 817 1403 interpellavisse
848 1354 1022 1401 magna
1054 1354 1212 1404 opera,
1246 1344 1295 1388 et
1320 1339 1501 1389 dedisse
1525 1339 1758 1387 Comoenis
1781 1340 2015 1388 tantulum
2032 1339 2273 1401 temporis.
2327 1339 2493 1387 Etiam
2519 1339 2661 1387 Mars

448 1404 655 1454 invictus
690 1405 869 1453 dicitur
887 1410 992 1467 post
1026 1404 1148 1454 bella
1167 1407 1354 1454 demum
1377 1410 1672 1467 prosternere
1702 1419 1865 1468 corpus
1886 1419 2029 1452 suum
2061 1404 2332 1465 fatigatum
2346 1418 2436 1467 per
2451 1404 2660 1465 glaciem

452 1469 687 1584 ghi-agie,
703 1474 752 1518 et
768 1470 1013 1518 immemor
1024 1469 1250 1519 feritatis
1271 1484 1386 1535 Μ,
1406 1469 1570 1519 mitior
1589 1471 1748 1518 lancea
1761 1470 1988 1535 deposita,
2000 1471 2256 1519 demulcere
2288 1484 2425 1518 aures
2444 1468 2662 1518 cantibus

500 1549 648 1584 tems.

1373 1679 1731 1699 ““““““““

452 1780 593 1831 Prie.
626 1786 681 1830 et
717 1779 833 1829 cod.
866 1779 1181 1830 Barth—14
1213 1781 1354 1829 eorda
1391 1781 1584 1830 remitte
1625 1783 1706 1831 vel
1751 1781 1961 1830 earmina
1995 1779 2134 1829 mitte
2177 1779 2408 1828 Florent.
2443 1780 2662 1828 carmina

448 1850 614 1897 nostra
653 1847 799 1895 Rott.
822 1845 964 1895 verba
1002 1846 1083 1894 vel
1125 1845 1331 1895 membra
1368 1845 1540 1895 Oxon.
1578 1861 1682 1899 sec.
1721 1861 1852 1895 unus
1896 1845 2207 1895 Heium—15
2245 1844 2354 1892 Non
2394 1844 2536 1894 Prie.
2582 1845 2665 1893 Ne

451 1910 578 1962 Vnt.
615 1911 779 1975 quint.
819 1910 934 1960 Pal.
957 1910 1081 1959 Pnt.
1103 1911 1306 1959 Thuan.
1332 1909 1479 1959 Med.
1506 1926 1584 1975 pr.
1606 1911 1789 1961 Ambr.
1820 1914 2058 1962 sem-16
2091 1910 2250 1959 Musis
2267 1914 2449 1959 tenuem
2472 1909 2662 1960 Heins-

452 1976 624 2026 Oxon.
668 1991 750 2040 pr.
778 1976 1058 2025 continuisse
1080 1975 1227 2024 Med.
1267 1982 1439 2039 quart.
1465 1977 1593 2026 Exc.
1618 1977 1831 2026 Lucens.
1869 1990 1944 2039 pr.
1980 1976 2241 2024 instituisse
2262 1973 2407 2024 Med.
2434 1989 2515 2038 pr.
2538 1974 2662 2025 Pal.

449 2045 580 2090 -18
595 2041 753 2105 Lapsa
773 2041 918 2090 Med.
943 2055 1021 2103 pr.
1040 2040 1405 2104 Odrysiasvet.
1428 2041 1559 2104 Gyr.
1577 2041 1724 2090 Med.
1744 2049 1915 2106 quart.
1932 2042 1986 2089 et
2009 2055 2140 2089 unus
2162 2039 2383 2089 Heinsii.
2404 2039 2668 2103 Othrysiaes

451 2106 516 2157 ⁸1.
540 2107 752 2156 Otr-isias
771 2105 873 2155 duo
895 2107 1016 2155 Vat.
1038 2105 1156 2157 Pal.
1187 2106 1341 2155 Farn.
1365 2105 1509 2156 Pric.
1536 2108 1682 2157 Rott.
1705 2105 1871 2156 Oisel.
1905 2105 2046 2156 verba
2068 2120 2163 2170 pro
2195 2105 2399 2155 membra
2421 2104 2592 2156 Oxon.

1442 2264 1665 2316 No'rAE
1723 2326 1726 2329 ,

516 2378 578 2425 14
613 2340 807 2426 &ostra
836 2376 1045 2442 patiens]
1109 2378 1324 2429 Patiens
1346 2378 1512 2444 lyram
1595 2378 1839 2444 Odrysia.

457 2457 689 2504 nostram
713 2468 966 2504 resonare.
1657 2460 1723 2507 2⁰
1758 2454 1940 2505 Pieriis
1966 2451 2138 2517 modis]
2205 2451 2458 2502 Cantibus
2482 2451 2663 2502 Musa·

515 2534 577 2579 18
613 2531 868 2595 Odrysias]
924 2532 1146 2596 Odrysae
1186 2539 1307 2583 sunt
1335 2533 1516 2598 populi
1595 2549 1725 2597 rum,
1747 2548 1863 2598 quae
1900 2532 2091 2586 Pieriae
2133 2532 2374 2582 dicuntur
2411 2545 2443 2578 a
2482 2530 2664 2582 Pieria

446 2607 700 2673 stracioe,
754 2610 890 2660 unde
943 2611 1167 2662 Thracia
1220 2610 1365 2662 dicta
1433 2618 1516 2663 est
1595 2610 1807 2673 regione
1829 2607 2155 2658 Macedoniae
2179 2605 2305 2671 ipsis
2329 2620 2493 2656 sacra.

1500 3016 1601 3094 V·

545 3226 711 3304 CL.
755 3224 1358 3305 CLAUDIANI
1410 3227 1529 3303 IN
1587 3226 2120 3304 RUFINUM·
2156 3225 2373 3301 LIB.
2438 3224 2550 3300 ΙΙ.

1201 3429 1891 3481 ARGUMENTUM.

506 3568 830 3620 Tnnonoslo
863 3575 1084 3633 mortuo,
1106 3561 1395 3622 Stilichone
1413 3572 1554 3623 orbis
1578 3578 1769 3635 tutore,
1792 3569 2005 3621 Rufinus
2029 3568 2201 3634 pergit
2224 3568 2401 3619 orbem
2447 3583 2661 3628 vexare,

445 3651 703 3715 Europum
740 3658 797 3701 et
831 3650 1011 3700 Asiam
1038 3659 1207 3704 vastat
1246 3668 1341 3718 per
1364 3654 1529 3704 Getas
1550 3656 1775 3705 accitos:
1811 3653 1928 3717 ipsa
1966 3650 2437 3715 Constantinopolis
2477 3650 2659 3703 timetz

444 3729 558 3795 ipse
581 3731 860 3781 sceleribus
884 3740 937 3780 et
961 3733 1124 3797 caede,
1146 3735 1473 3800 hostiumque
1495 3736 1757 3801 colloquio
1780 3735 1990 3799 gaudet.
2057 3732 2219 3783 Orbis
2239 3732 2482 3795 implorat
2505 3747 2660 3796 opem

443 3812 777 3872 Stilichonis3
812 3813 894 3861 hic
934 3827 1050 3862 cum
1089 3817 1246 3865 variis
1281 3819 1484 3882 populis
1527 3820 1702 3883 pergit
1736 3817 1801 3866 ad
1842 3817 2130 3880 Orientem.
2197 3814 2417 3863 Barbari
2456 3813 2664 3876 timent,

446 3892 658 3945 Rufinus
680 3893 1021 3957 exanimatur,
1061 3912 1181 3952 mox
1214 3899 1517 3949 criminatur
1558 3900 1915 3961 Stilichonem,
1948 3903 2005 3946 et
2042 3895 2105 3944 ab
2145 3894 2374 3945 Arcadio
2415 3892 2663 3948 mandata

444 3974 664 4038 obtinet,
682 3975 869 4039 quibus
889 3974 1123 4025 dimittat
1145 3977 1514 4043 Stilichonem
1547 3980 1628 4028 hic
1652 3979 1812 4039 dolet,
1836 3977 2072 4042 (peritur
2110 3975 2174 4025 de
2209 3974 2429 4034 Rufino;
2464 3974 2662 4026 milites

440 4055 691 4118 fremunt,
726 4063 1134 4121 querunturque,
1172 4058 1414 4108 Rufinum
1437 4069 1775 4120 execrantur,
1800 4057 2079 4107 vindictam
2120 4055 2365 4105 ardentes
2397 4055 2663 4106 devovent

444 4151 501 4187 se
518 4137 809 4201 stilichoni,
827 4154 928 4203 quo
954 4147 1127 4188 tamen
1156 4141 1453 4204 recedente,
1477 4140 1691 4190 Rufinus
1713 4140 1932 4199 exultat,
1953 4133 2148 4203 sibique
2165 4136 2474 4200 promittens
2498 4137 2663 4201 impe·

441 4217 594 4283 rium,
615 4227 764 4283 parat
786 4220 1042 4283 convivia,
1083 4221 1350 4272 sceleratis
1386 4222 1781 4287 plaudentibus:
1815 4222 1934 4271 hinc
1972 4218 2170 4270 somnio
2204 4217 2412 4268 delusus
2437 4218 2666 4282 largitur

430 4314 642 4351 aurum.
708 4299 785 4351 At
813 4300 1006 4355 milites
1025 4302 1162 4353 hunc
1184 4302 1251 4355 de
1271 4311 1503 4370 sceptro,
1533 4318 1636 4355 non
1656 4304 1721 4354 de
1744 4302 1978 4368 periculo
1997 4300 2311 4366 cogitantem
2336 4298 2665 4364 adoriuntur,
