2925 4928
444 366 580 433 092

492 525 695 591 Nunc
723 525 856 589 alio
886 522 1162 588 Domini
1187 522 1347 588 telis
1377 521 1685 604 Pythone
1718 522 2015 603 peremto

1206 378 1323 426 eL.
1372 374 1804 426 CLAUDIAM
1855 373 1972 423 111.

2617 513 2735 578 15

426 709 431 714 .
581 627 916 694 Convenit
945 626 1033 690 ad
1063 635 1362 689 nostram
1396 643 1595 689 sacra
1623 631 1896 687 caterva
1917 623 2147 705 lyram,

496 729 633 810 Qui
665 730 973 795 stabilem
1004 736 1277 793 servant
1306 726 1637 809 Augustis
1667 725 1990 792 fratribus
2023 724 2289 805 orbem3

578 833 627 899 J
631 835 865 898 ustitia
893 851 1154 916 pacem,
1187 832 1446 895 viribus
1482 850 1669 892 arma
1696 835 1960 910 regunt.

491 982 716 1032 Astraeae.
783 980 970 1031 Rufino
992 982 1137 1029 velut
1159 980 1308 1028 altero
1334 980 1550 1043 Pythone
1570 980 1718 1028 occiso
1738 977 1933 1039 sagittis
1967 976 2290 1040 Imperatoris,
2322 979 2466 1024 coetus
2484 978 2725 1023 sacratus

491 1061 762 1111 procerum
799 1046 992 1110 confluit
1011 1048 1073 1094 ad
1095 1050 1260 1094 cantus
1280 1051 1483 1104 nostros,
1520 1045 1603 1107 qui
1640 1058 1884 1107 proceres
1921 1047 2192 1091 conservant
2229 1043 2450 1090 mundum
2474 1040 2722 1106 firmum,

479 1112 726 1173 fratribus
748 1111 1134 1175 Imperator-ihus,
1156 1116 1205 1159 et
1225 1115 1396 1172 regunt
1410 1125 1571 1173 pacem
1591 1110 1833 1174 nequitate,
1856 1108 1974 1156 bella
1983 1107 2293 1167 fortitudine.

1422 1235 1629 1254 ’ΝΟΜ

1633 1234 1779 1253 00000

495 1309 562 1358 al.
586 1306 833 1357 Heinsius
851 1306 1149 1370 conjecerat
1169 1308 1485 1354 marm—16
1518 1309 1722 1352 cestram
1737 1304 1860 1352 Vat.
1888 1302 2055 1367 quint.
2075 1316 2205 1350 unus
2225 1301 2573 1350 Barthii.·-1'I
2607 1314 2722 1348 ser·

493 1388 609 1422 vans
631 1373 975 1421 FarneS.—18
1005 1371 1136 1434 pacis
1159 1368 1336 1419 Ambr.
1357 1376 1482 1418 tert.
1506 1369 1666 1432 quiet
1688 1371 1877 1417 cadunt.
1904 1373 2070 1429 tegunt
2089 1367 2171 1415 vel
2193 1368 2367 1416 cadunt
2390 1365 2574 1416 Ambr.
2595 1378 2718 1414 sec.

496 1437 658 1487 Oisel.
699 1437 886 1486 Petav.
921 1443 1046 1485 tert.
1069 1428 1196 1497 reg'it
1215 1436 1345 1485 Exc.
1371 1434 1588 1483 Lucens.
1614 1433 1828 1481 Fames.
1867 1448 1898 1480 a
1919 1446 1987 1481 m.
2011 1446 2117 1482 sec.
2137 1437 2312 1493 gerunt
2332 1433 2457 1482 Var.
2490 1431 2599 1481 LL.
2618 1429 2719 1480 ed.

1490 1560 1706 1613 NOTAE

498 1501 659 1551 Antv.

561 1667 620 1713 15
656 1663 876 1726 Domini]
941 1663 1299 1726 Imperatoris.
1342 1660 1560 1711 Domini

498 1739 902 1803 appellationem
925 1746 982 1788 ut
1005 1740 1334 1788 maledictum
1372 1744 1426 1787 et
1465 1753 1557 1801 op·

496 1815 759 1879 probrium
807 1831 1013 1880 semper
1058 1817 1325 1867 exhorruit
1356 1814 1558 1879 Angus-

499 1899 609 1954 tus3
667 1898 945 1958 sequentes
990 1893 1358 1959 Imperatores,
1398 1894 1560 1944 etiam

495 1971 638 2034 boni,
662 1980 990 2036 receperunt.

563 2048 802 2112 Pythone]
869 2049 1079 2113 Rufino,
1102 2053 1188 2115 qui
1209 2056 1269 2100 ut
1297 2052 1432 2101 alter
1455 2050 1561 2115 Py-

497 2124 619 2173 thon
644 2127 815 2175 omnia
835 2124 1133 2178 infestabat.
1166 2129 1351 2192 Neque
1372 2143 1560 2177 novum

498 2207 581 2251 est
618 2201 876 2252 hominem
926 2202 1204 2266 pessimum
1259 2217 1563 2268 comparare

497 2277 750 2342 serpenti.
819 2278 1005 2329 Cicero
1041 2279 1107 2328 de
1142 2278 1384 2329 Vatinio:
1421 2281 1436 2308 ‘
1461 2280 1562 2342 Te,

499 2358 741 2419 tanquam
783 2369 994 2418 serpens
1039 2370 1067 2403 e
1111 2355 1359 2419 latibulis,
1400 2355 1562 2404 oculis

498 2429 863 2496 eminentibus,
907 2429 1088 2482 inflato
1144 2432 1295 2497 collo,
1349 2431 1561 2483 tumidis

499 2506 792 2559 cervicibus
813 2508 1072 2559 intulisti!

1703 1663 1768 1709 16
1800 1659 1950 1709 Sacra
1971 1659 2185 1724 caterva]
2218 1659 2522 1722 Procerum,
2544 1658 2720 1708 Sena-

1640 1742 1724 1786 tus
1766 1736 1991 1800 scilicet,
2035 1738 2119 1800 qni
2166 1736 2374 1785 canenti
2419 1734 2720 1785 Claudiano

1639 1811 1839 1871 favent.

1704 1896 1767 1940 17
1803 1889 1902 1946 Qui
1922 1889 2139 1939 stabilem
2160 1894 2367 1948 servant,
2398 1887 2504 1952 85⁶]
2569 1887 2715 1938 Pro·

1639 1980 1783 2015 ceres
1805 1968 2026 2016 Senatus
2051 1973 2363 2015 conservant
2382 1964 2599 2027 Orbem,
2619 1978 2717 2013 ve·

1639 2045 1736 2094 luti
1762 2050 1962 2094 tutores
1984 2044 2365 2108 Imperatorum
2390 2042 2608 2093 Arcadii
2647 2047 2713 2091 et

1642 2121 1880 2187 Honorii,
1909 2122 1997 2187 qui
2031 2122 2217 2187 pnpilli
2254 2121 2423 2171 relicti
2447 2120 2658 2170 fuerant
2678 2133 2716 2168 a.

1639 2199 1932 2250 Theodosio
1955 2205 2125 2264 patre.

1706 2277 1942 2339 Augustis
1961 2274 2222 2338 fratr-ibus]
2268 2273 2496 2324 Arcadio
2520 2281 2577 2325 et
2593 2273 2713 2324 Ho-

1642 2353 1805 2404 norio.
1873 2352 2125 2403 Octavius
2162 2353 2337 2401 Caesar
2368 2352 2563 2415 primus
2595 2349 2714 2400 An-

1642 2437 1820 2493 gustus
1860 2437 2092 2494 vocatus,
2120 2430 2184 2479 ab
2225 2443 2287 2479 eo
2321 2430 2485 2480 ceteri
2513 2442 2709 2479 omnes

1642 2510 1992 2575 Imperatores
2014 2510 2239 2577 Augusti
2259 2518 2378 2561 sunt
2400 2504 2671 2576 appellati.

1517 2812 1675 2886 ΙΙΙ.

588 2980 757 3057 CL.
809 2975 1411 3059 CLAUDIANI
1464 2984 1583 3060 IN
1642 2984 2188 3061 RUFINUM.
2265 2984 2480 3059 LIB.
2533 2983 2605 3058 Ι.

1275 3165 1927 3219 ARGUMENTUM.

563 3256 950 3307 Pansam-ras
975 3255 1324 3320 improborum
1362 3257 1703 3307 Claudianum
1735 3257 2021 3308 inducebat
2058 3257 2123 3306 de
2152 3256 2495 3308 Providentia
2530 3258 2700 3309 divina

499 3336 761 3400 dubitare,
785 3338 955 3387 vetuit
976 3352 1129 3401 poena
1154 3337 1348 3388 Rufini.
1390 3339 1561 3404 Hujus
1581 3340 1692 3389 haec
1714 3340 1857 3404 origo
1882 3340 2100 3390 Poetice
2122 3338 2454 3390 describitur.
2496 3338 2701 3403 Alecto,

498 3419 794 3469 convocatis
815 3417 1092 3481 sororibus,
1113 3419 1411 3483 indignatur
1442 3412 1511 3468 de
1535 3419 1693 3469 Orbis
1716 3421 2108 3485 tranquillitate.
2174 3419 2344 3469 Furiae
2384 3422 2699 3483 assentiunt3

496 3499 736 3564 Megaera
758 3500 1016 3564 promittit
1033 3507 1316 3550 monstrum
1339 3499 1652 3563 sedignum,
1690 3500 1931 3550 Rufinum
1955 3501 2172 3563 scilicet,
2207 3500 2463 3551 hominem
2498 3502 2699 3552 teterri-

498 3595 654 3632 mum.
720 3582 863 3645 Ergo
886 3582 1002 3646 ipsa
1021 3582 1070 3631 in
1093 3596 1269 3632 senem
1292 3596 1564 3646 conversa,
1581 3582 1718 3632 hunc
1741 3589 1928 3633 evocat
1949 3597 2016 3632 ex
2038 3581 2226 3645 Gallia,
2272 3582 2506 3632 immittit
2526 3582 2579 3632 in
2601 3583 2698 3634 Pa-

497 3661 678 3711 latium
698 3662 995 3715 Theodosii.
1063 3663 1168 3713 Hic
1191 3670 1408 3713 exercet
1429 3663 1785 3727 ambitionem,
1808 3662 2037 3725 fraudes,
2058 3664 2348 3725 avaritiam,
2370 3665 2566 3727 luxum,
2590 3679 2697 3716 cru·

498 3741 790 3804 delitatem,
814 3751 870 3792 et
891 3744 1062 3795 omnia
1082 3746 1302 3796 scelera.
1347 3745 1423 3794 At
1444 3752 1727 3796 monstrum
1749 3745 1951 3795 invadit
1981 3745 2218 3807 Stilicho,
2242 3746 2417 3795 Marte
2438 3744 2623 3810 fretuS,
2644 3754 2697 3797 et

496 3820 627 3871 illud
650 3822 833 3872 accitis
855 3824 983 3873 licet
1003 3824 1238 3875 barbaris
1275 3827 1530 3876 munitum
1554 3826 1814 3891 profligat.
1883 3827 2118 3890 Megaera
2156 3827 2270 3891 ejus
2305 3827 2585 3877 sceleribus
2615 3842 2697 3878 ex·

498 3903 693 3966 altana,
728 3903 944 3954 insultat
973 3905 1237 3967 Justitiae3
1268 3907 1380 3956 haec
1407 3908 1630 3957 vicissim
1668 3909 1955 3971 Megaeram
1993 3907 2197 3970 irridet,
2236 3908 2531 3971 praevidens
2565 3924 2696 3960 mon·

495 3991 660 4038 atrum
683 3999 801 4034 mox
818 4001 930 4036 esse
951 3987 1302 4051 mactandum,
1327 3995 1381 4037 et
1403 3990 1523 4039 inde
1547 3989 1793 4040 saeculum
1818 4004 2026 4039 aureum
2050 3989 2325 4055 promittit.

564 4198 628 4247 In
651 4197 896 4265 Rufinum]
961 4198 1029 4249 de
1051 4198 1240 4250 Rufino
1258 4200 1561 4252 Theodorit.
1588 4203 1700 4253 Lib.
1725 4217 1806 4253 tx.
1831 4204 2061 4266 Tripert.
2089 4202 2232 4252 Hist.
2255 4202 2441 4253 Suidas
2461 4203 2515 4252 in
2556 4205 2691 4255 Ἠκο-

497 4262 654 4314 dosius
672 4271 728 4314 et
750 4263 966 4333 Rufinus.
1001 4263 1130 4332 Gyr.
1158 4265 1361 4334 Rufinus
1378 4267 1610 4335 Aradius,
1646 4269 1811 4320 Comes
1843 4268 2060 4321 Orientis
2087 4274 2406 4321 memoretur
2429 4268 2690 4323 Ammiano
