2925 4928
449 417 583 489 198
1189 438 1303 486 ct..
1335 435 1766 486 cLAumANt
1820 437 1918 485 vi.

455 585 636 651 Nam
664 590 872 670 pater,
901 604 1186 650 excusso
1218 585 1419 649 saluit
1441 605 1592 649 cum
1617 585 1901 667 tegmine
1931 585 2178 667 proleS,

541 688 823 774 Ovaque
851 696 1188 753 maternus
1217 690 1394 773 rupit
1421 688 1642 753 hiulca
1669 694 1878 771 tepor,

457 784 771 855 Protinus
799 791 1152 876 implumes
1184 791 1517 855 convertit
1549 789 1636 852 ad
1669 788 1920 852 aethera
1938 788 2159 865 nidos,
2255 846 2261 854 .
2612 789 2659 852 5

542 893 630 958 Et
653 898 834 959 recto
861 895 1162 957 flammas
1189 894 1478 976 imperat
1509 912 1621 956 ore
1647 894 1814 976 pati.

458 993 764 1060 Consulit
793 995 1103 1059 ardentes
1134 994 1386 1073 radiOS‚
1416 999 1486 1059 et
1518 995 1670 1058 luce
1696 993 2012 1076 magistra

547 1096 876 1162 Natorum
905 1098 1080 1162 vires
1124 1097 1589 1181 ingeniumque
1616 1096 1881 1179 probat.

459 1199 838 1282 Degeneres
865 1200 1091 1283 refugo
1119 1200 1309 1266 torsit
1339 1200 1453 1284 qui
1478 1200 1724 1263 lumine
1743 1199 1968 1274 ·visuS‚

546 1301 898 1386 Unguibus
924 1303 1095 1367 hunc
1123 1304 1327 1368 saevis
1356 1304 1454 1367 ira
1480 1307 1760 1387 paterna
1785 1301 1957 1367 ferit.
2071 1295 2080 1305 ⁸
2505 1356 2510 1359 ,
2573 1301 2667 1367 10

468 1517 604 1567 Coeli.
674 1518 866 1567 Etenim
882 1524 1040 1583 pater,
1076 1534 1179 1568 cum
1192 1516 1366 1567 soboles
1386 1517 1582 1567 exsiluit
1616 1522 1754 1580 rupto
1788 1516 2046 1580 putamine,
2066 1521 2113 1566 et
2145 1517 2272 1566 calor
2309 1517 2480 1567 matris
2502 1515 2669 1577 fregit

457 1597 544 1631 ora
565 1582 869 1646 dehiscentia,
904 1585 1070 1632 statim
1086 1584 1230 1633 vertit
1251 1586 1313 1632 ad
1338 1585 1517 1632 Coelum
1552 1585 1703 1645 pullos
1723 1585 1927 1631 nondum
1949 1585 2296 1644 plumescentes,
2317 1598 2374 1632 ac
2399 1582 2536 1644 jubet
2569 1584 2669 1633 hos

461 1649 689 1699 sustinere
709 1648 870 1710 ignem
884 1649 1017 1698 Solis
1039 1648 1330 1713 oculisfioeis.
1400 1649 1647 1699 Consultat
1669 1647 1830 1697 radios
1863 1648 2039 1707 igneos,
2074 1653 2121 1696 et
2159 1649 2404 1711 experitur
2439 1649 2672 1697 virtutem

462 1717 509 1761 et
532 1712 733 1761 indolem
756 1713 994 1778 filiorum,
1030 1713 1139 1763 Sole
1166 1714 1432 1775 judicante.
1503 1713 1601 1768 Qui
1625 1714 1797 1776 pullus
1832 1714 2116 1773 degenerans
2152 1713 2327 1762 avertit
2360 1713 2529 1769 oculos,
2562 1714 2673 1762 acie

462 1776 748 1841 refugiente,
768 1778 1013 1828 iracundia
1044 1780 1204 1842 patris
1232 1778 1442 1828 verberat
1473 1778 1595 1827 hunc
1629 1778 1866 1839 unguibus
1897 1777 2097 1839 rigidis,-
2128 1777 2209 1841 qui
2246 1792 2354 1826 vero
2390 1791 2551 1841 passus
2593 1782 2671 1827 est

1388 1916 1564 1936 “UO“
1571 1916 1741 1935 ‘'00'‘

466 2013 608 2063 tertio
635 2014 892 2062 Consulatu
922 2015 1140 2065 Honorii.
1188 2015 1239 2064 in
1265 2016 1485 2066 Lucensi
1511 2031 1613 2066 sec.
1639 2022 1752 2065 erat
1788 2016 2115 2081 Panegyricus
2150 2016 2207 2064 de
2245 2014 2388 2063 tertio
2413 2014 2678 2063 Consulatu

467 2078 692 2128 Honorii.
739 2079 940 2138 ejusdem
978 2079 1130 2139 Praef.
1186 2082 1499 2131 Petaviauus
1539 2096 1616 2144 pr.
1655 2081 1964 2144 simpliciter
1999 2081 2208 2129 exhibet
2248 2080 2440 2129 Tertius
2461 2078 2680 2128 Honorii

471 2144 772 2191 Consulatus.
822 2143 942 2192 dein
964 2159 1115 2192 manu
1134 2146 1425 2195 recentiore
1444 2148 1518 2194 Cl.
1540 2146 1799 2194 Claudiani
1822 2146 2053 2202 Praesatio
2077 2145 2128 2194 in
2150 2147 2346 2194 tertium
2366 2145 2680 2193 Consulatum

468 2207 680 2256 Honorii
699 2210 829 2268 Aug.
895 2209 1090 2257 Lovan.
1116 2210 1292 2271 habet,
1317 2211 1496 2273 Incipit
1521 2212 1846 2275 Panegyricus
1860 2212 1917 2258 de
1936 2212 2078 2260 tertio
2104 2211 2379 2259 Consulatu.
2413 2208 2678 2269 PrcefatiO.

535 2277 560 2320 1
597 2287 718 2320 nunc
740 2272 853 2323 Pal.
890 2288 983 2321 non
1005 2279 1075 2322 est
1086 2273 1174 2333 fas
1193 2276 1366 2337 aquilis
1390 2276 1618 2325 Florent.
1639 2277 1768 2336 Reg.
1794 2277 1919 2325 Vat.
1945 2283 2066 2326 tert.
2092 2278 2241 2325 Rott.
2266 2275 2438 2323 Oxou.
2465 2287 2542 2337 pr.
2576 2289 2681 2324 non

469 2337 647 2399 aquilis
666 2335 992 2395 estfasMed.
1017 2346 1139 2388 tert.
1195 2347 1488 2389 contemnere
1511 2340 1651 2388 Pric.
1705 2343 1897 2389 educere
1937 2342 2084 2389 Rott.
2138 2342 2392 2402 producere
2429 2339 2551 2389 Jun.
2591 2354 2680 2401 pr.

468 2402 695 2450 deducere
710 2400 882 2451 Oxou.
906 2417 985 2464 pr.
1015 2405 1267 2466 producere
1290 2406 1374 2454 vel
1396 2409 1589 2455 educere
1613 2406 1788 2455 Oxou.
1821 2410 2027 2454 sem—2
2059 2405 2372 2468 indiciumque
2400 2404 2522 2453 Vat.
2546 2410 2682 2454 tert.

471 2464 688 2517 Pan—8
722 2482 910 2516 excusso
931 2468 1055 2518 Jun.
1079 2483 1159 2532 pr.
1180 2471 1280 2519 duo
1304 2472 1477 2520 Oxou.
1527 2487 1694 2521 excuso
1714 2472 1928 2534 Rapliel.
1945 2472 2178 2534 Dempst.
2211 2486 2364 2519 ecusso
2400 2470 2522 2518 Var.
2563 2469 2678 2518 LL.

476 2531 560 2581 ed.
582 2530 741 2582 Antv.
793 2533 937 2581 saluit
959 2533 1102 2583 Med.
1139 2541 1261 2585 tert.
1287 2536 1420 2586 Exc.
1455 2538 1676 2587 Lucens.
1699 2551 1804 2585 sec.
1850 2538 1979 2585 saliit
2019 2537 2178 2586 Gesn.
2202 2544 2255 2585 et
2295 2537 2413 2597 Bip.
2460 2534 2683 2596 germine
2751 2565 2760 2572 ι

470 2596 701 2666 quinque
738 2598 862 2647 Vat.
904 2598 1017 2649 Pal.
1053 2600 1207 2650 Farn.
1243 2602 1386 2650 Prie.
1428 2604 1645 2663 gramine
1678 2602 1825 2651 Med.
1864 2609 2037 2664 quart.
2081 2602 2225 2649 Rott.
2270 2600 2455 2650 incert.
2492 2598 2685 2650 Heius.

468 2662 678 2723 tegmine
701 2668 806 2712 vet.
844 2664 976 2727 Gyr.
1012 2664 1175 2715 Oisel.
1220 2665 1470 2726 fragmine
1508 2669 1594 2717 vel
1635 2666 1845 2728 segmine
1889 2667 2200 2730 conjiciebat
2245 2665 2511 2726 Heinsius,
2547 2665 2683 2715 item

468 2731 680 2777 matum
702 2742 796 2792 pro
818 2734 1078 2778 matur-nus.
1118 2729 1364 2780 Heinsius
1381 2745 1538 2795 porro
1561 2733 1873 2795 ascripserat
1897 2733 2064 2781 locum
2087 2732 2280 2780 Lucani
2308 2733 2341 2780 l.
2365 2742 2447 2780 rx.
2473 2732 2684 2780 vs,902.

474 2790 725 2854 Antigou.
755 2793 946 2844 Histor.
969 2794 1201 2845 Mirabil.
1222 2811 1270 2845 c.
1289 2800 1372 2845 52.
1400 2798 1579 2847 Tzetz.
1605 2797 1823 2846 Chiliad.
1847 2812 1897 2861 p.
1921 2800 2034 2846 238.
2078 2797 2260 2846 AElian.
2278 2796 2478 2845 Hister.
2501 2794 2685 2844 Auim.

473 2855 719 2931 ppostol.
742 2859 955 2908 Centur.
998 2874 1108 2922 par.
1133 2864 1214 2910 62.
1251 2866 1305 2910 et
1326 2861 1524 2913 Julian.
1561 2863 1729 2924 Epist.
1755 2868 1970 2911 xvh—5
2005 2863 2139 2909 nidos
2172 2863 2304 2923 Reg.
2328 2875 2442 2910 cum
2487 2858 2687 2909 Glossa

471 2921 1883 3061 zzzssfxssff‘zzffssssss‘23331⁰¹1‘;-2·.¹.³.{532.⁶‚2‚‘i;.}}¹2;¹.¹¹
1890 2928 2165 3041 4’1‘2‘33235
2168 2926 2686 3054 imiimi&

473 3048 730 3099 Prisciani
753 3065 801 3098 in
824 3052 1033 3115 Perieg.
1055 3057 1167 3103 395.
1199 3055 1214 3080 ‘
1240 3054 1646 3118 Luminibusque
1676 3056 1858 3106 vident
1894 3056 2053 3106 rectis
2076 3056 2336 3120 (mirabile
2357 3056 2400 3118 ἱ)
2421 3053 2688 3104 solem!—

472 3118 504 3163 7
537 3115 880 3175 magisterinc.
905 3116 1184 3168 Heins.—-8
1219 3119 1458 3169 Natorum
1483 3121 1669 3185 viginti
1694 3121 1861 3170 Codd.
1897 3121 2035 3171 Exc.-
2065 3122 2284 3172 Gevart.
2329 3123 2548 3171 Lucens.
2595 3134 2685 3183 pr.

472 3178 556 3228 ea.
579 3179 759 3229 Parm.
785 3186 841 3229 et
861 3182 1037 3231 Vicet.
1083 3189 1304 3233 naturam
1338 3199 1498 3249 marg.
1533 3187 1841 3237 Marcil.—9
1898 3188 2171 3249 Degeneres
2211 3188 2340 3235 Lov.
2382 3185 2501 3236 Ald.
2546 3184 2686 3235 Exc.

475 3242 691 3294 Gevart.
734 3246 1024 3306 Degenerem
1038 3247 1183 3298 Med.
1204 3254 1371 3312 quart.
1406 3251 1606 3300 Bonon.
1639 3252 1838 3302 Thoan.
1873 3249 2051 3300 Anibr.
2090 3266 2169 3313 pr.
2209 3253 2402 3301 Moret.
2440 3264 2545 3299 sec.
2578 3249 2689 3300 inc.

474 3308 658 3358 Heius.
681 3309 867 3360 Petav.
891 3310 1011 3375 duo,
1033 3311 1175 3362 Prie.
1197 3320 1302 3363 tres
1324 3315 1506 3364 Barth.
1531 3322 1585 3365 et
1620 3318 1746 3367 Var.
1783 3316 1890 3366 LL.
1941 3316 2026 3365 ed.
2063 3317 2219 3365 Antv.
2269 3318 2491 3379 Degener
2521 3320 2569 3364 et
2607 3328 2689 3364 re-

462 3372 592 3451 fugo
611 3374 804 3451 Isingr.
829 3376 999 3427 Pulm.
1028 3376 1230 3442 Gryph.
1262 3378 1470 3442 profugo
1508 3381 1652 3430 Pric.
1697 3382 1778 3445 qui
1815 3381 1956 3431 torsit
1996 3382 2229 3431 Florent.
2266 3382 2382 3430 Pal.
2417 3379 2563 3430 Med.
2598 3392 2688 3443 pr.

473 3442 615 3489 torsit
643 3440 689 3488 si
723 3454 825 3489 inc.
850 3441 1035 3491 Heius.
1076 3445 1227 3492 visum
1244 3444 1479 3495 Florent.
1503 3447 1644 3496 Med.
1670 3452 1794 3496 tert.
1825 3447 1953 3496 Exc.
1988 3448 2208 3498 Lucens.
2246 3461 2353 3496 sec.
2406 3447 2689 3507 degenerent

470 3504 625 3554 uisum
645 3507 769 3557 Vnt.
793 3520 874 3570 pr.
896 3506 1040 3558 Prie.
1089 3509 1455 3575 Degeneresque
1480 3509 1621 3588 fugit
1652 3512 1734 3575 qui
1760 3513 1901 3576 torsit
1932 3513 1968 3562 l.
1990 3511 2118 3561 visus
2138 3512 2262 3563 Jun.
2303 3514 2516 3577 pr.——10
2549 3508 2695 3568 feris

1480 3673 1692 3724 NOTAE

541 3798 574 3844 2
606 3794 897 3863 Antefidem
918 3798 1066 3864 Solis]
1130 3799 1429 3866 Antequam
1452 3816 1540 3850 ex·
1685 3807 1715 3851 5
1766 3799 1942 3863 Nidos]
2008 3799 2209 3862 Pullos,
2233 3798 2317 3864 qui
2340 3799 2391 3846 in
2416 3797 2535 3847 nido
2559 3810 2690 3847 con·

476 3870 686 3936 plorent
729 3873 884 3923 fidem
924 3878 1204 3939 pullorum,
1241 3879 1541 3928 testimonio
1624 3866 1887 3927 tinentur:
1925 3884 2137 3941 tumque
2178 3876 2387 3944 ponitur
2408 3867 2688 3925 continens

477 3947 610 3997 Solis
647 3957 700 3997 et
735 3950 900 4011 Coeli;
946 3953 1058 4001 sive
1104 3960 1382 4018 antequam
1423 3970 1542 4003 exa·
1624 3969 1719 4018 pro
1742 3961 2014 4003 contento:
2055 3952 2192 4017 quod
2227 3959 2311 4001 est
2333 3951 2512 4001 Poetis
2533 3949 2690 3998 fami·

479 4024 679 4073 minent
701 4040 767 4075 an
802 4025 928 4089 bulli
951 4025 1116 4077 futuri
1139 4030 1244 4078 sint
1266 4029 1449 4081 fideles
1486 4032 1542 4080 in
1622 4033 1767 4081 liare.
1833 4032 1921 4080 Sic
1959 4030 2240 4094 Virgilius:
2276 4030 2292 4057 ‘
2318 4029 2573 4093 Nidisqne
2611 4027 2689 4075 lo-

476 4102 780 4164 aspiciendo
797 4103 935 4166 Sole,
954 4111 1100 4154 recta
1120 4107 1239 4155 acie
1257 4108 1541 4159 oculorum.
1621 4108 1869 4175 quacibus
1892 4106 2103 4157 escam.’
2144 4107 2225 4156 De
2247 4103 2623 4155 hirundinibus.

543 4181 574 4226 ⁸
612 4178 824 4228 Excusso
846 4181 1073 4244 tegmine]
1130 4183 1317 4233 Fracto
1339 4184 1422 4234 ovi
1445 4198 1541 4249 pu·
1687 4189 1750 4236 10
1785 4184 1947 4249 Ferit]
1979 4181 2211 4235 Occidit.

482 4255 696 4321 tamine,
718 4256 774 4308 in
796 4273 898 4324 quo
920 4266 1034 4310 erat
1058 4275 1287 4326 germen.
