2925 4928
869 438 949 486 m
978 433 1448 492 ,nurnormu
1498 432 1648 490 mn.
1695 431 1748 480 ι.
2279 408 2417 482 469

200 581 567 653 Intervalla
597 604 849 651 comae:
898 582 1125 665 qualis·
1154 580 1535 646 sitientibus
1566 576 1748 642 arvis
2284 568 2416 632 115

199 692 416 766 Arida
435 692 693 777 jejunae
725 707 918 771 seges
946 688 1289 752 interlucet
1319 684 1546 748 aristae
1573 703 1589 747 ε
2342 699 2345 700 ’

201 796 342 861 Vel
371 796 595 879 qualis
626 792 861 875 gelidis
892 792 1123 874 pluma
1150 789 1418 852 labente
1445 784 1700 871 pruinis

199 898 487 963 Arboris
515 896 887 961 immoritur
916 901 1149 957 trunco
1177 889 1497 956 brumalis
1525 876 1831 951 hirundo.

204 1002 484 1067 Scilicet
507 1007 585 1065 ut
613 998 856 1065 trabeis
886 996 1131 1082 injuria
1157 999 1486 1060 aresceret
1515 991 1704 1068 olim,
1757 971 1769 984 ⁹

205 1105 367 1170 Has
396 1106 467 1168 in
494 1104 699 1168 fronte
727 1107 945 1179 notaS‚
973 1101 1102 1165 hoc
1131 1100 1425 1165 dedecus
1455 1094 1711 1161 addidit
1736 1091 1870 1156 oris
2286 1084 2419 1150 120

199 1205 523 1274 Luxuriae
556 1206 851 1271 Fortuna
880 1225 1065 1274 suae:
1115 1223 1263 1267 cum
1292 1200 1551 1285 pallida
1576 1195 1781 1264 nudis

202 1309 500 1375 Ossibus
531 1310 867 1373 horrorem
896 1307 1184 1372 dominis
1217 1306 1541 1390 praeberet
1568 1302 1817 1382 imag0‚

207 1412 522 1480 *Decolor
549 1417 616 1478 et
642 1413 898 1477 macies
928 1429 1214 1476 occursu
1244 1407 1524 1474 laederet
1553 1421 1817 1479 omneS,

169 1678 178 1682 ·
204 1660 289 1711 ica
307 1657 554 1723 agitantur
588 1664 725 1709 vento
739 1677 755 1709 .·
788 1660 928 1709 tineae
965 1658 1196 1719 deformes
1229 1658 1512 1720 per-ederunt
1548 1657 1691 1716 caput
1729 1649 1958 1699 misellum
1972 1662 1990 1696 .·
2023 1644 2180 1708 spatia
2217 1640 2420 1691 crinium

204 1730 439 1789 apparent
452 1725 683 1775 «imitata
704 1725 841 1789 pilis·
906 1724 1045 1773 Sicut
1063 1724 1117 1772 in
1136 1722 1314 1785 eampis
1332 1720 1593 1781 arentibus,
1606 1717 1768 1767 messis
1787 1716 1910 1764 sicca
1930 1712 2167 1776 spicarum
2185 1705 2422 1757 sterilium

205 1791 517 1847 inter-micam
549 1792 621 1839 vel
640 1791 764 1839 sieta
783 1791 985 1838 hirundo
1006 1789 1213 1853 hyberna
1235 1788 1332 1836 obit
1352 1788 1406 1846 in
1438 1786 1605 1848 stipite
1634 1781 1834 1843 arboris,
1867 1781 2030 1843 pluma
2050 1776 2261 1834 cadente,
2305 1776 2427 1820 tem-

203 1855 405 1921 poribus
410 1854 635 1917 frigidis.
702 1856 965 1916 Nimirum,
1002 1860 1057 1903 ut
1091 1856 1288 1902 dedecus
1296 1851 1431 1912 foret
1450 1852 1605 1912 maius
1623 1846 1904 1907 consulatui,
1929 1843 2132 1905 fortuna
2148 1835 2422 1902 petulantia

205 1934 302 1969 Μ
331 1920 549 1979 adiunxit
588 1922 674 1969 has
704 1935 853 1982 rugas
889 1921 942 1969 in
973 1921 1109 1969 vultu
1147 1917 1407 1982 Eutropii,
1439 1920 1487 1965 et
1531 1916 1651 1964 hanc
1685 1911 2036 1971 deformitatem
2055 1905 2226 1965 faciei.
2296 1904 2423 1951 Cum

209 1989 449 2048 spectrum
482 1986 663 2048 pallens
701 1985 881 2035 ossibus
910 1986 1102 2033 nudatis
1131 1998 1287 2032 carne
1324 1982 1558 2032 incuteret
1581 1984 1808 2028 terrorem
1845 1974 2046 2025 dominis
2081 1971 2213 2035 ejus,
2234 1974 2281 2017 et
2304 1979 2424 2014 cum

206 2052 385 2101 macies
398 2050 621 2112 deformis
639 2049 898 2115 offenderet
917 2065 1073 2099 omnes
1106 2054 1313 2113 aspectu,
1332 2054 1418 2097 aut
1450 2048 1625 2096 datura
1650 2045 1868 2094 timorem
1902 2038 2080 2105 pueris,
2111 2041 2191 2086 aut
2213 2031 2428 2116 fastidia

1145 2216 1502 2239 OOOOOOOOOOOO

212 2333 403 2382 deserta
426 2330 657 2379 Floreat.
682 2334 903 2395 quatuor
920 2327 1068 2379 Med.
1108 2328 1213 2378 inc.
1253 2327 1434 2378 Heins.
1470 2326 1595 2375 Put.
1620 2325 1750 2387 Reg.
1772 2322 1970 2371 Thuan.
1991 2319 2194 2368 Mazar.
2228 2314 2431 2363 Bonon-

212 2397 338 2448 Pat.
379 2397 499 2445 Vat.
543 2395 711 2445 Livin.
761 2395 890 2445 Lov,
943 2400 1053 2444 tres
1108 2392 1290 2444 Ambr.
1341 2399 1450 2442 tres
1507 2390 1693 2440 Petav.
1747 2389 1873 2437 Exc.
1934 2384 2151 2435 Gevart.
2204 2381 2426 2429 Lucens-

217 2477 294 2525 pr.
317 2460 403 2512 ed.
426 2461 601 2511 Parm.
640 2468 695 2509 et
716 2459 887 2511 Vicet.
913 2459 1135 2524 petebant
1172 2459 1295 2509 Vat.
1322 2473 1401 2522 pr.
1447 2473 1514 2506 m.
1557 2457 1798 2521 pr.--115
1832 2452 1977 2502 comis
2016 2450 2138 2498 Pat.
2177 2442 2431 2496 Heinsius

220 2528 477 2583 lectorem
513 2527 848 2589 ablegaverat
880 2526 944 2574 ad
984 2525 1037 2576 J.
1057 2526 1123 2577 P.
1159 2516 1359 2575 Lotich.
1400 2524 1600 2571 Comm.
1642 2521 1696 2568 in
1735 2518 1951 2567 Petron.
1981 2515 2097 2564 Lib.
2132 2525 2197 2560 11.
2231 2523 2345 2572 cap.
2381 2511 2433 2557 4.

217 2606 270 2655 p.
313 2596 429 2642 171.
474 2596 586 2643 172.
620 2597 730 2640 not.
768 2590 1061 2640 Brassiean.
1101 2606 1154 2654 p.
1192 2594 1276 2639 50.
1332 2586 1526 2648 ἀλώπηξ
1563 2584 1898 2635 Callimacho.
1941 2579 2041 2629 vid.
2087 2584 2194 2626 not.
2235 2573 2437 2623 Frisch-

221 2656 311 2706 lini
344 2673 398 2718 p.
434 2660 685 2713 25.-117
721 2655 882 2717 pluvia
918 2656 1041 2706 Jun.
1084 2671 1163 2718 pr.
1220 2654 1392 2703 Oxon.
1432 2665 1538 2701 sec.
1579 2652 1813 2700 Florent.
1862 2662 1932 2696 m.
1969 2659 2070 2693 sec.
2109 2638 2256 2690 Leid.
2296 2654 2327 2687 a
2363 2651 2432 2687 m.

219 2736 297 2785 pr.
334 2723 467 2772 Exc.
505 2721 661 2782 Laeti,
703 2720 918 2771 Gevart.
956 2721 1081 2770 Var.
1120 2720 1223 2768 LL.
1258 2719 1341 2768 ed.
1386 2716 1545 2766 Antv.
1574 2718 1739 2779 pluma
1778 2713 1857 2760 vel
1889 2709 2054 2774 pluvia
2090 2705 2236 2756 Prie.
2279 2701 2434 2752 Leid.

221 2801 324 2837 sec.
365 2788 556 2836 labante
600 2787 717 2835 Vat.
755 2786 1085 2851 quint.—·118
1139 2785 1320 2833 arundo
1355 2783 1480 2834 Jun.
1520 2796 1598 2844 pr.
1647 2778 1816 2827 Oxou.
1856 2791 1959 2825 sec.
2005 2780 2061 2824 et
2094 2786 2174 2836 pr.
2214 2784 2284 2818 m.
2325 2781 2431 2816 sec.

220 2852 302 2900 ed.
325 2852 509 2901 Vicet.
542 2851 753 2900 harundo
785 2852 1013 2900 Floreat.
1051 2864 1120 2898 m.
1161 2863 1239 2912 pr.
1281 2847 1445 2896 Oisel.
1482 2846 1610 2894 Put.
1648 2859 1717 2892 m.
1754 2857 1833 2906 pr.
1870 2841 2057 2890 Petav.
2095 2851 2200 2885 sec.
2231 2835 2434 2885 Bonon-

220 2915 432 2967 TholoS.
474 2917 670 2966 Moret.
717 2931 798 2979 pr.
844 2919 972 2979 Exc.
1013 2916 1234 2964 Gevart.
1277 2913 1477 2961 hirundo
1521 2911 1605 2959 vel
1644 2908 1856 2957 harundo
1905 2905 2047 2954 Prie.
2087 2903 2217 2964 Reg.
2261 2900 2436 2950 Oxon.

223 2996 298 3045 pr.
337 2998 407 3032 m.
447 2984 693 3045 pr.—-ll9
751 2982 993 3031 Cresceret
1037 2981 1117 3028 vel
1165 2980 1400 3028 Conderet
1445 2978 1619 3027 Oxou.
1663 2975 1931 3023 sem—120
1984 2968 2169 3018 abdidit
2213 2965 2437 3014 Fam.—

225 3050 314 3095 121
351 3053 457 3097 tum
476 3047 656 3110 pallida
681 3045 824 3094 Med.
848 3052 972 3095 tert.
1003 3045 1150 3108 pallia
1172 3044 1298 3094 Jnn.
1322 3045 1569 3107 pru—122
1603 3039 1788 3090 domino
1807 3037 2014 3088 'l'huan.
2057 3031 2235 3083 domini
2257 3028 2442 3079 Ambr.

224 3116 516 3161 terte-123
549 3112 773 3161 Discolor
807 3110 933 3160 Jun.
973 3125 1051 3174 pr.
1080 3111 1272 3159 Moret.
1311 3123 1415 3157 sec.
1454 3108 1585 3156 Exc.
1624 3105 1764 3155 Laeti-
1798 3118 1864 3152 m.
1904 3115 2011 3150 sec.
2061 3102 2256 3148 decursu
2286 3092 2437 3144 Med.

222 3183 389 3239 quart.
424 3177 620 3226 Petav.
639 3182 760 3226 tert.
785 3177 985 3226 Bonon.
1007 3175 1211 3225 Thalos,
1234 3172 1415 3222 Ambr.
1455 3186 1537 3236 pr.
1579 3172 1706 3219 Lov.
1743 3168 1888 3219 Leid.
1929 3180 2035 3215 sec.
2069 3165 2196 3212 Exc.
2219 3161 2439 3210 Gevart.

221 3242 345 3292 Var.
372 3242 483 3292 LL.
508 3241 591 3292 ed.
627 3241 789 3292 Antv.
835 3255 1026 3290 occursu
1056 3241 1143 3303 vel
1176 3235 1375 3288 decursa
1399 3239 1523 3288 Put.
1562 3236 1736 3286 Oxou.
1777 3248 1882 3284 see.
1906 3233 2032 3281 Vat.
2065 3229 2231 3294 quint.
2288 3222 2439 3275 omnis

1233 3417 1449 3469 NOTAE

290 3558 388 3605 116
420 3550 640 3616 Jejunoe]
671 3551 853 3603 Arista
862 3551 1047 3617 jejuna
1063 3557 1164 3617 est,
1184 3565 1304 3617 qnae
1385 3548 1429 3599 si
1451 3563 1555 3599 non
1573 3545 1756 3596 habuit
1775 3539 2078 3604 Eutropius,
2112 3531 2305 3583 habere
2336 3541 2442 3578 me-

226 3646 327 3687 non
349 3637 541 3694 tumet,
563 3645 678 3695 quae
702 3635 785 3681 est
806 3630 1016 3680 sterilis.
1149 3672 1154 3677 .
1384 3627 1513 3677 ritns
1536 3632 1632 3675 est.
1719 3646 1723 3651 ·

292 3712 391 3759 118
426 3708 682 3758 Bramalis
716 3707 942 3771 hirundo]
976 3707 1177 3757 Plinius
1203 3712 1306 3757 tra·
1451 3708 1547 3756 122
1585 3693 1867 3759 Horrorem]
1918 3694 2141 3744 Veteres
2165 3684 2446 3751 ejiciebant

230 3787 309 3840 dit
317 3784 626 3836 hirundines
640 3784 889 3849 quasdam
899 3785 1145 3851 hybernis
1158 3799 1299 3834 men·
1384 3787 1492 3830 tam
1516 3777 1776 3829 deformes
1797 3770 2048 3837 homulus,
2073 3765 2217 3815 velut
2236 3767 2448 3826 spectra

231 3864 369 3914 sibus
393 3862 544 3928 sequi
562 3863 814 3913 montium
849 3877 1105 3926 recessus,
1135 3862 1212 3912 ita
1239 3866 1300 3912 nt
1378 3856 1632 3908 infausta.
1890 3886 1895 3889 Ἴ

233 3940 568 3991 inveniantur
579 3939 692 4002 jam
715 3938 866 3989 nudae
884 3954 946 3988 ac
964 3938 1249 4003 deplumes.
1425 3938 1520 3986 123
1540 3919 2146 3991 Occursu...procedentibus
2167 3912 2321 3977 omen]
2339 3911 2449 3962 An·

294 4021 392 4067 119
432 4015 653 4078 Trabeis]
702 4016 865 4065 Veste
906 4030 999 4066 seu
1043 4015 1303 4079 dignitate
1384 4011 1517 4075 tiqui
1552 4020 1821 4059 occursum
1858 4000 2178 4062 AEthiopum‚
2218 3990 2448 4042 homolo-

238 4092 530 4156 Consulari,
562 4107 716 4158 quam
737 4092 1018 4157 adepturus
1047 4099 1166 4142 erat
1185 4092 1303 4141 vilis
1386 4105 1499 4138 rum
1524 4086 1752 4151 turpium
1775 4086 2205 4136 monstrorumve,
2226 4084 2318 4135 pro
2340 4081 2449 4117 ma-

240 4169 335 4231 iste
354 4183 558 4220 servus·
1383 4167 1435 4216 lo
1458 4164 1628 4214 omine
1651 4164 1945 4223 acceptum,
1965 4155 2110 4218 velut
2145 4146 2265 4200 mali
2287 4143 2450 4199 immi·

256 4291 263 4297 .
303 4254 400 4301 120
436 4245 621 4310 Notas]
650 4246 1078 4311 Inscriptionem,
1096 4247 1307 4312 stigma·
1387 4241 1560 4295 nentis
1585 4239 1828 4301 indicem,
1849 4231 2149 4299 fugiebant(

241 4334 296 4379 ta
310 4328 366 4383 in
380 4327 555 4398 fronte
571 4341 834 4379 servorum
852 4326 987 4379 inuri
1004 4325 1176 4391 solita,
1192 4336 1308 4392 quae
