2925 4928
896 386 977 436 m
1038 386 1156 437 ct„
1203 385 1748 456 onAumAuuu.
2205 402 2212 411 ·
2342 376 2430 444 51

246 534 442 602 adhuc
471 532 869 618 deprehendi
901 539 1196 618 possent,
1213 554 1360 600 esse
1380 536 1689 614 collecta,
1713 555 1868 602 cum
1887 535 2031 623 jam
2058 542 2430 624 temporum

243 639 417 723 lapsu
440 656 570 702 non
600 655 815 720 pauca
841 643 1063 701 essent
1083 637 1189 702 vel
1217 638 1564 723 deperdita
1584 640 1690 705 vel
1720 660 2103 725 suppressa.
2172 642 2430 709 Forsan

241 740 374 806 inde
400 760 663 825 quoque
691 741 1018 824 explicari
1046 746 1331 825 possunt
1381 742 1920 826 interpolationes
1958 744 2136 809 haud
2164 764 2425 830 paucae,

240 850 356 923 aut,
385 844 444 908 si
473 844 715 921 maviS,
744 844 898 909 loca
927 845 1128 929 plane
1156 845 1392 929 inepta
1439 852 1506 910 et
1551 845 1819 929 frigida,
1849 868 2130 931 quorum
2162 850 2428 933 culpam

236 947 436 1033 poetae
487 967 720 1012 manes
774 948 1101 1012 immerito
1149 950 1495 1029 sustinent,
1544 954 1609 1014 et
1652 951 1861 1015 nimia
1901 938 2230 1016 ‘brevitate
2276 971 2428 1036 per-

234 1050 439 1134 plexa,
485 1071 642 1134 quae
696 1071 786 1114 ex
832 1052 1094 1116 lacunis
1144 1053 1319 1117 male
1368 1053 1668 1118 consutis
1717 1060 2004 1137 possunt
2046 1059 2194 1119 orta
2250 1073 2423 1121 esse.

238 1153 578 1238 Praecipue
628 1155 698 1217 in
742 1155 827 1218 iis
873 1156 1299 1233 carminibuS,
1346 1177 1498 1239 quae
1552 1155 2101 1240 epigrammatum
2160 1157 2425 1223 nomine

232 1256 779 1336 circumferuntur,
832 1256 1099 1322 difficile
1161 1263 1262 1322 est
1309 1257 1650 1342 judicatu,
1697 1277 2006 1340 quaenam
2065 1256 2422 1324 Claudiani

231 1359 362 1436 sint,
394 1377 685 1443 quaeque
714 1361 916 1424 alium
946 1365 1279 1427 auctorem
1323 1360 1638 1426 habeant:
1685 1361 1754 1423 in
1784 1360 1913 1425 hoc
1953 1366 2128 1424 certe
2157 1380 2421 1427 mecum

230 1465 630 1528 consentient
679 1482 929 1542 omneS,
974 1483 1078 1542 ea,
1112 1466 1195 1528 in
1223 1464 1473 1563 quibus
1517 1482 1623 1526 res
1654 1462 1993 1545 religionis
2024 1460 2420 1532 christianae

226 1566 640 1645 celebrantur,
672 1568 758 1631 ad
788 1567 973 1631 illum
1000 1586 1132 1630 non
1160 1558 1508 1650 pertinere,
1528 1564 1646 1629 sed
1674 1564 1864 1629 lusus
1893 1585 2040 1630 esse
2069 1566 2168 1650 pii
2195 1566 2422 1651 cujus-

226 1667 407 1733 (lam
387 1669 661 1754 ingenii,
687 1670 852 1732 bene
872 1667 1139 1752 quidem
1170 1668 1253 1732 de
1282 1669 1625 1752 republica
1647 1666 2027 1733 Christiana
2053 1669 2418 1749 sentientis,

224 1771 324 1835 sed
351 1772 437 1836 ab
463 1771 652 1836 omni
678 1771 996 1836 facultate
1024 1769 1292 1855 poetica
1333 1770 1504 1836 adeo
1550 1770 1979 1849 abhorrentiS,
2017 1778 2092 1837 ut
2131 1791 2214 1836 ne
2244 1773 2420 1838 osci-

222 1875 365 1939 tanti
392 1873 668 1959 quidem
691 1872 1066 1939 Claudiano
1080 1870 1166 1939 'in
1200 1881 1482 1938 mentem
1514 1875 1736 1939 venire
1765 1876 2122 1957 potuerint,
2154 1874 2418 1941 etiamsi

220 1995 446 2055 sumaS,
476 1976 671 2041 illum
704 1977 812 2041 vel
835 1976 925 2040 ad
954 1974 1393 2040 Christianam
1435 1982 1691 2042 sectam
1740 1996 1812 2043 se
1845 1978 2281 2061 convertisse,
2311 1979 2417 2044 vel

220 2099 457 2164 semper
503 2079 718 2144 fuisse
762 2079 914 2164 ejus
957 2080 1308 2159 asseclam,
1364 2080 1562 2165 cujus
1605 2085 1830 2145 tamen
1872 2081 1970 2145 rei
2024 2082 2095 2145 in
2143 2081 2417 2166 reliquis

222 2184 607 2249 carminibus
653 2183 906 2248 nullum
950 2187 1136 2247 extat
1183 2183 1566 2267 vestigium.
1655 2181 1831 2247 Inter
1869 2184 2124 2266 reliqua
2150 2201 2418 2269 quoque

219 2288 508 2353 nonnulla
559 2294 715 2353 sunt
736 2287 954 2353 :dubii
999 2288 1316 2366 auctoris,
1363 2292 1430 2351 et
1471 2285 1878 2371 hujusmodi,
1891 2290 1985 2352 ut
2010 2305 2234 2371 operae
2279 2307 2413 2354 non
2480 2269 2495 2282 ’

219 2389 314 2472 sit,
340 2390 425 2457 de
446 2392 542 2459 iis
572 2391 845 2478 longam
870 2390 1381 2478 disputationem
1404 2391 1767 2475 instituere.

1597 2574 1688 2643 G.
1732 2573 1815 2643 L.
1862 2571 2236 2641 KOENIG.
