2925 4928
508 413 640 493 2128

511 586 649 653 Hic
679 588 946 653 confidit
973 588 1200 673 aquis:
1247 590 1354 653 hic
1385 597 1694 673 procreat
1722 593 1945 656 omnia
1969 592 2273 658 fiammiS.

508 689 817 768 Alter,0in
851 693 1156 757 AEtnaeas
1187 714 1467 758 casurus
1492 703 1730 778 sponte
1763 696 2053 775 favillam,

509 793 858 878 Dispergit
887 804 1289 880 revocatque
1327 798 1563 876 Deum,
1594 819 1984 883 rursumque
2005 801 2291 883 receptis

506 896 742 962 Nectit
766 900 1103 977 amicitiis,
1128 902 1447 985 quicquid
1481 902 1811 966 discordia
1834 903 2056 968 solvit.

508 998 831 1083 Corporis
857 1000 1265 1067 hic-damnat
1295 1023 1553 1082 sensuS,
1582 1025 1941 1089 verumque
1969 1006 2182 1071 videri

500 1099 851 1186 Pernegat.
941 1105 1080 1170 Hic
1110 1127 1371 1190 semper
1399 1109 1689 1192 lapsurae
1719 1111 2014 1194 pondera
2045 1116 2231 1175 terrac

505 1202 794 1270 Conatur
816 1208 1047 1292 rapido
1079 1210 1235 1274 coeli
1266 1211 1502 1276 fulcire
1531 1217 1774 1291 rotatu,

1121 467 1147 479 ι·
1184 444 1305 493 GL.
1353 443 1785 494 CLAUDIANI
1835 447 2028 496 xvn.

2550 1006 2707 1102 -’7·5

502 1353 584 1396 tur
604 1348 670 1398 ab
690 1350 820 1412 aliis,
852 1359 910 1399 ut
925 1352 1208 1417 principium
1247 1370 1427 1405 rerum:
1459 1357 1581 1405 alter
1614 1358 1859 1407 constituit
1892 1373 2082 1421 aquam.-
2115 1358 2193 1407 hic
2224 1357 2443 1421 producit
2465 1356 2622 1405 omnia
2642 1372 2707 1406 ex

499 1414 627 1475 igne.
676 1416 766 1464 Ine
798 1417 1010 1480 lapsurus
1023 1421 1148 1467 ultro
1164 1420 1216 1468 in
1350 1436 1452 1470 mas
1469 1424 1631 1472 AEtnoe
1651 1422 1902 1487 diffundit,
1924 1429 1972 1473 et
1988 1424 2194 1472 retrahit
2210 1425 2416 1472 animum
2434 1423 2712 1486 Mundi,et

500 1478 742 1541 coniungit
764 1481 936 1530 iterum
958 1490 1178 1532 renovato
1233 1488 1385 1535 oedere
1420 1486 1641 1551 quicquid
1675 1489 1982 1538 contrarietas
2017 1489 2244 1537 dissolvit.
2313 1489 2411 1537 Hic
2433 1490 2710 1564 condet-naut

499 1558 663 1592 sensus
676 1547 899 1609 corporis,
918 1552 965 1596 et
986 1547 1230 1612 inficiatur
1245 1551 1496 1601 veritatem
1512 1567 1660 1615 posse
1677 1555 1908 1614 cognosci.
1948 1556 2038 1603 Ille
2052 1558 2205 1602 tentat
2222 1555 2454 1602 sustinere
2472 1557 2711 1614 vertigine

500 1608 692 1666 volubili
718 1612 856 1671 Coeli,
878 1627 995 1661 onus
1014 1617 1157 1663 terroe
1177 1630 1356 1680 semper
1370 1631 1572 1679 casuroe,
1584 1622 1633 1667 et
1647 1618 1913 1682 inflammat
1930 1618 2082 1668 Solem
2094 1620 2266 1675 vortice
2283 1617 2711 1682 lapidi-simmam.

1417 1732 1442 1749 Ι
1448 1733 1475 1751 0
1481 1732 1623 1752 “00ae
1629 1733 1772 1752 “O“

499 1796 767 1860 opiniones
785 1798 923 1849 bisce
948 1801 1135 1851 similes
1165 1803 1281 1852 vide
1306 1804 1443 1866 apud
1469 1806 1667 1857 Minuc.
1689 1806 1850 1857 Felic.
1886 1822 1937 1869 p.
1965 1812 2043 1856 19.
2067 1814 2221 1871 atque
2246 1805 2347 1855 illic
2370 1804 2709 1868 interpretes.

498 1867 625 1912 -71
661 1862 901 1923 confundit
919 1868 1040 1917 Vat.
1077 1883 1181 1918 sec.
1216 1868 1298 1918 ed.
1320 1870 1494 1920 Vicet.
1532 1872 1733 1921 Ruben.
1770 1869 2194 1937 confidit'Moret.
2234 1887 2309 1935 pr.
2333 1873 2460 1920 Exc.
2487 1872 2712 1922 Lucens.

496 1942 576 1991 pr.
597 1928 699 1978 vid.
726 1931 854 1979 Exc.
878 1931 982 1982 Jul.
1000 1933 1207 1983 Firmie.
1240 1934 1388 1983 initio
1414 1934 1621 1998 Operis.
1660 1943 1708 1986 et
1742 1943 1963 2001 procreat
2000 1938 2143 1987 Med.
2179 1952 2286 1987 sec.
2327 1937 2513 1987 PetaV.
2537 1951 2713 1985 sec.--

497 1995 562 2041 72
599 1994 799 2043 OEtheas
822 1996 962 2045 Med.
987 2012 1089 2047 sec.
1126 2014 1191 2047 m.
1233 2014 1310 2062 pr.
1348 2001 1617 2051 Enchenias
1651 2003 1770 2054 Jun.
1796 2017 1872 2065 pr.
1910 2004 2140 2051 ‹ethereas
2161 2004 2315 2052 Fam.
2339 2001 2534 2051 Auson.
2557 2001 2713 2051 Ludo

494 2068 594 2108 vn.
631 2060 862 2121 Sapient.
887 2062 1087 2113 Solone.
1108 2064 1274 2113 ruinas
1296 2065 1575 2116 Fara—'73
1611 2068 1733 2117 diem
1750 2069 1871 2117 Vat.
1896 2075 2018 2118 tert.
2042 2068 2180 2117 Prie.
2203 2068 2346 2116 Rott.
2371 2067 2535 2115 Oisel.
2557 2066 2713 2116 Med.

497 2136 600 2173 sec.
621 2125 750 2186 Reg.
775 2140 841 2173 m.
865 2142 966 2175 sec.
990 2127 1195 2179 Tholos.
1217 2132 1249 2181 J
1258 2146 1340 2179 un.
1365 2145 1443 2194 pr.
1468 2133 1640 2182 Oxou.
1670 2148 1772 2182 sec.
1812 2148 1881 2183 m.
1905 2147 2008 2181 sec.
2046 2134 2240 2182 Moret.
2265 2147 2368 2182 sec.
2391 2132 2579 2181 PetaV.
2604 2145 2711 2182 sec.

494 2188 608 2237 dein
628 2189 825 2237 Thuau.
849 2193 1000 2241 Voss,
1027 2208 1057 2240 a
1078 2209 1145 2242 m.
1173 2210 1250 2257 pr.
1272 2197 1395 2244 Var.
1423 2197 1528 2246 LL.
1555 2198 1639 2247 ed.
1666 2198 1828 2247 AntV.
1864 2201 2002 2247 deam
2038 2199 2122 2247 vel
2153 2199 2281 2246 diem
2300 2199 2422 2246 Vat.
2460 2211 2543 2260 pr.
2578 2197 2710 2247 Pet.

493 2256 1353 2389 sawaz‘zsszazrugrgfssss·
1378 2262 2712 2390 ³22⁰·155222Ream1vss2d2vw..

494 2386 621 2430 ——75
657 2385 851 2434 damnat
873 2402 1031 2436 sensus
1047 2390 1179 2439 Exc.
1198 2392 1421 2440 Lueeus.
1443 2407 1548 2441 sec.
1591 2394 1763 2442 clamat
1781 2394 1863 2443 ed.
1878 2394 2054 2443 Vicet.
2097 2408 2238 2443 sexus
2258 2392 2441 2441 Petav.
2464 2396 2708 2441 sem—77

486 2445 678 2498 'Coacta
707 2451 894 2501 Oxou.
936 2468 1042 2503 sec.
1077 2456 1209 2506 Exc.
1255 2456 1408 2506 Voss.
1444 2458 1574 2508 Var.
1613 2458 1725 2507 LL.
1763 2459 1847 2508 ed.
1889 2458 2045 2509 Autv.
2077 2458 2182 2507 coeti
2216 2458 2380 2522 rapido
2415 2456 2518 2506 duo
2551 2457 2710 2507 Vatt.

492 2510 680 2564 Petav.
728 2531 807 2580 pr.
861 2520 1022 2568 coelum
1076 2522 1278 2572 Mazar.
1334 2528 1495 2572 meatu
1540 2524 1620 2572 vel
1667 2529 1831 2574 rotatu
1869 2525 2061 2574 Moret.
2102 2528 2340 2574 sem—78
2373 2522 2710 2573 turbinisaoee

1498 2637 1709 2688 NOTAE

486 2737 584 2787 pro
603 2738 773 2776 rerum
792 2727 1069 2794 principio:
1093 2733 1277 2783 Thales
1294 2735 1554 2797 Milesius,

491 2814 703 2866 aquam;
751 2803 869 2853 hinc
904 2806 1178 2872 Virgilius:
1222 2811 1237 2837 ‘
1263 2812 1555 2863 Oceanum-

489 2890 590 2940 que
634 2885 841 2940 patrem
879 2884 1090 2933 rerum.'
1147 2887 1445 2951 Heraclitus
1478 2890 1553 2953 ig-

485 2967 603 3002 nem
647 2970 741 3018 pro
781 2957 1032 3024 principio
1082 2965 1280 3015 statuit.
1350 2966 1555 3031 Hippo·

489 3036 660 3079 crates
681 3033 875 3097 ae'rem,
898 3052 1098 3103 aquam,
1120 3046 1176 3089 et
1212 3043 1402 3106 ignem.
1457 3045 1553 3094 Ce-

484 3110 655 3177 terum
688 3108 773 3158 hic
809 3110 1120 3163 Claudianus
1144 3117 1357 3182 attingit
1379 3134 1552 3170 rerum

484 3184 758 3248 principia.

485 3300 494 3309 .
550 3262 614 3310 71
648 3262 901 3328 Procreat]
935 3266 1222 3319 Procreata
1237 3276 1402 3335 putat.

549 3340 614 3385 72
646 3339 808 3403 Alter]
855 3338 1201 3407 Empedocles
1249 3348 1264 3374 ‘
1292 3355 1460 3397 totum
1496 3364 1550 3398 se

485 3411 850 3465 Catanensium
883 3420 1099 3468 AEtnaeis
1129 3420 1341 3471 donavit
1376 3424 1552 3474 incen-

484 3487 621 3538 diis!
638 3492 999 3544 Tertullianus.
1039 3496 1137 3545 Ille
1155 3499 1415 3550 statuebat
1428 3515 1550 3565 qua-

479 3571 610 3614 tuor
623 3567 908 3632 elementa,
917 3585 1119 3636 aquam,
1141 3573 1327 3638 ignem,
1340 3581 1551 3641 terram,

479 3649 544 3691 et
564 3642 756 3707 aerem,
778 3653 834 3694 et
853 3646 1016 3711 (quod
1041 3656 1096 3697 et
1119 3650 1252 3699 dixit
1273 3650 1548 3717 Anaxago-

480 3717 592 3784 ras)
616 3728 840 3770 mentem
865 3738 1064 3773 sacram
1091 3740 1184 3787 per
1207 3728 1377 3777 omnia
1400 3729 1549 3780 diffu-

479 3809 588 3844 sam
611 3811 816 3845 movere
841 3801 1030 3861 omnia,
1054 3810 1110 3851 et
1132 3817 1245 3852 eam
1268 3794 1321 3853 in
1344 3806 1547 3870 singula

479 3884 653 3919 rerum
696 3880 988 3923 creatarum
1025 3891 1244 3941 corpora
1279 3896 1544 3934 recurrere

1636 2736 1924 2799 pergebant
1962 2737 2027 2787 ad
2066 2752 2150 2787 res
2182 2735 2522 2801 generandas,
2552 2748 2710 2797 *revo-

1634 2812 1823 2864 cabant
1847 2816 2020 2865 adres
2045 2815 2397 2865 destruendas.

1641 2936 1657 2950 ,
1696 2894 1761 2940 74
1810 2892 2090 2957 Discordia]
2141 2893 2545 2953 Elementorum,
2578 2906 2710 2956 quo·

1636 2981 1750 3015 rum
1787 2968 2014 3018 amicitia
2048 2979 2103 3018 et
2126 2968 2394 3018 inimicitia
2415 2969 2588 3018 omnia
2610 2973 2711 3016 aut

1635 3041 1782 3107 facit,
1799 3051 1889 3095 aut
1911 3045 2133 3095 destruit
2153 3063 2165 3095 ε
2202 3047 2314 3095 haec
2334 3044 2588 3106 dissolvit,
2609 3043 2708 3092 illa

1634 3123 1914 3172 connectit.

1697 3204 1759 3249 75
1803 3199 1999 3264 Verum]
2032 3199 2270 3264 Pyrr-hon
2294 3204 2449 3248 sectae
2473 3197 2707 3260 Pyrrho·

1602 3312 1609 3317 .
1631 3275 1830 3325 niorum
1856 3283 2054 3338 auctor,
2076 3281 2233 3338 negat
2254 3274 2526 3324 veritatem
2549 3288 2707 3337 posse

1633 3352 1820 3412 videri,
1857 3352 2079 3417 ideoque
2122 3352 2188 3403 de
2219 3352 2456 3402 omuibus
2493 3351 2706 3402 dubita·

1633 3428 1741 3478 bat.
1807 3429 2101 3493 Pyrrhonei
2134 3430 2261 3479 dicti
2295 3435 2415 3479 sunt
2436 3429 2703 3492 σκεπτικοὶ,

1630 3504 1681 3552 id
1707 3509 1806 3567 est,
1827 3508 2228 3569 contemplatores.
2273 3506 2423 3556 Nihil
2434 3505 2572 3556 euim
2599 3514 2705 3557 sta·

1629 3586 1803 3644 munt,
1844 3582 1937 3630 sed
1973 3581 2027 3631 in
2061 3583 2346 3648 quaerendo
2381 3590 2436 3633 et
2464 3592 2703 3636 contem-

1631 3657 1963 3719 plandototi
1996 3665 2145 3709 suut:
2195 3660 2325 3710 dicti
2368 3668 2491 3711 suut
2534 3663 2700 3713 etiam

1627 3731 1918 3797 ἀπορητικοὶ,
1932 3734 1985 3782 id
2004 3742 2101 3797 est,
2113 3735 2401 3798 dubitantes,
2416 3736 2552 3801 quod
2566 3738 2698 3787 nihil

1627 3807 1932 3859 affirmando
1952 3811 2019 3859 de
2043 3812 2278 3861 omnibus
2297 3812 2555 3863 dubitent.
2586 3830 2591 3831 ⁷
2627 3815 2700 3864 Et

1625 3885 1886 3936 immerito
1930 3901 2072 3951 saue,
2112 3904 2270 3938 unum
2300 3890 2452 3939 enim
2503 3891 2698 3946 saltem

478 3944 704 3996 dicebat.
744 3949 897 3998 Unde
920 3957 975 3998 et
996 3952 1278 4015 Virgilius:
1316 3957 1333 3985 ⁴
1353 3964 1540 4008 totam·
1620 3962 1754 4012 scire
1778 3962 2051 4026 deberent,
2072 3965 2376 4015 se-dubttare.

479 4037 579 4087 que
601 4023 770 4072 infusa
793 4032 890 4088 per
909 4034 1050 4077 artus
1074 4031 1227 4080 Mens
1250 4035 1414 4097 agitat
1435 4051 1541 4084 mo·

476 4098 599 4161 lem,
623 4106 680 4148 et
699 4114 883 4164 magno
906 4118 963 4151 se
985 4118 1204 4170 corpore
1225 4110 1445 4161 miscet.’

477 4188 519 4214 :--
542 4179 607 4224 73
632 4176 811 4241 Deum]
846 4178 1087 4230 Animam
1113 4183 1298 4234 Mundi
1321 4201 1418 4251 per
1438 4202 1542 4238 om-

476 4251 561 4303 nia
584 4250 843 4314 diffusam,
859 4271 1011 4320 quam
1033 4272 1145 4308 esse
1169 4260 1338 4311 Deum
1361 4267 1542 4314 crede-

469 4327 1044 4400 bant-Empedocles&
1064 4333 1422 4406 Anaxagoras,
1443 4340 1544 4392 dis.

1686 4043 1752 4088 76
1783 4039 1981 4103 Semper
2000 4043 2224 4107 lapsuroe]
2276 4044 2462 4092 Casum
2484 4058 2697 4110 semper

1619 4116 1926 4168 minitantis.

1686 4197 1750 4242 77
1809 4194 2017 4256 Rotatu]
2075 4195 2239 4246 Quasi
2277 4197 2513 4246 volubilis
2552 4198 2692 4250 Cr'eli

1623 4269 1873 4332 rapiditas
1895 4285 1988 4320 suo
2008 4272 2210 4336 impetu
2228 4274 2479 4323 sustineat
2496 4277 2689 4327 molem

1623 4352 1809 4408 ωτι-ως
1861 4360 1952 4398 seu
1989 4350 2139 4417 quasi
2180 4356 2322 4401 terra
2359 4352 2596 4417 quiescat
2634 4354 2687 4402 in
