2925 4928
816 481 914 530 nu
962 480 1182 530 muer.
1231 479 1517 527 ιιοΝοιι.
1566 478 1659 526 ιιι·
1708 477 1893 529 unu.
2321 461 2455 532 3⁰9

245 627 535 696 Fraudis
565 628 782 694 adhuc
811 647 1100 712 expers:
1146 625 1661 710 bellatricesque
1693 624 1986 690 docebat

251 732 516 799 Ducere
546 731 662 796 fila
684 751 945 809 mauuS,
970 734 1057 808 et,
1090 748 1255 794 mox
1278 748 1452 813 quos
1483 728 1734 795 horruit
1757 729 1904 807 Ide,

249 836 684 903 Thessalicos
708 855 897 901 roseo
919 834 1225 918 pectebat
1253 831 1500 917 pollice
1527 833 1762 898 crineS.

249 939 425 1004 Haec
458 941 664 1006 etiam
692 938 984 1023 queritur
1015 956 1287 1002 secum:
1335 935 1651 1014 Quonam
1678 954 1895 1020 usque
1924 934 2251 1001 verendus
2366 935 2455 1000 ΞΟ

249 1042 621 1109 Cunctatur
650 1062 797 1106 mea
825 1047 989 1108 vota
1017 1041 1256 1120 socer'l
1305 1040 1470 1126 quid
1491 1041 1769 1125 jungere
1800 1038 2036 1118 differt,

247 1144 471 1224 Quam
502 1146 777 1230 pepigit,
809 1148 1162 1226 castasque
1183 1162 1416 1226 preces
1442 1141 1722 1228 implere
1750 1144 2066 1207 recusat‘l

247 1246 406 1312 Non
436 1267 583 1330 eg0,
613 1247 935 1327 luxuriem
961 1245 1227 1327 Regum
1253 1264 1637 1330 moremque
1668 1251 1966 1325 secutuS,

246 1347 559 1428 Quaesivi
588 1349 843 1412 vultum
870 1347 1159 1412 tabulis:
1205 1351 1281 1413 ut
1311 1348 1551 1411 nuntia
1578 1347 1805 1414 formae

239 1531 401 1580 lico-sas
418 1530 637 1580 Achillis
660 1531 828 1596 adsita
850 1533 1036 1588 nenda‚·
1067 1534 1115 1579 et
1132 1532 1299 1595 pollice
1311 1546 1544 1595 purpureo
1558 1530 1774 1594 pectebat
1790 1531 1985 1595 capillos
2007 1531 2314 1594 Thessaliam,
2333 1547 2450 1597 qnos

241 1612 349 1645 mox
375 1596 519 1657 Trqm
524 1596 828 1657 formidavit
896 1596 1158 1646 Honorius
1194 1598 1265 1646 sic
1296 1612 1472 1661 quoque
1507 1597 1810 1661 conqueritur
1829 1612 2014 1647 securm

242 1665 530 1711 venerandus
553 1662 766 1711 Stilicho
784 1660 952 1726 differt
972 1676 1077 1710 mea
1095 1659 1367 1713 desideria?
1403 1665 1567 1718 Quare
1579 1662 1897 1725 procrastinat
1912 1662 2195 1725 coniungere
2207 1662 2329 1712 mihi
2353 1663 2452 1712 vir

243 1727 434 1790 giuem,
452 1741 595 1790 quam
606 1727 844 1789 promisit,
856 1732 905 1776 et
916 1725 1346 1789 refugitcumulare
1358 1742 1517 1805 preces
1535 1741 1673 1777 meas
1682 1724 1911 1791 pudicas?
1958 1727 2108 1777 Haud
2129 1743 2214 1789 ego
2236 1727 2455 1777 imitati&
2545 1784 2550 1790 ,

234 1807 455 1855 pompam
470 1797 520 1842 et
538 1792 915 1842 consuetudinem
935 1806 1115 1856 regum,
1146 1793 1382 1856 exquisivi
1370 1791 1789 1857 pulchritudinem
1805 1806 1901 1859 per
1920 1792 2170 1843 simulacra
2192 1792 2453 1859 aliqua,

1162 1923 1248 1943 ΟΝ
1252 1922 1518 1943 “NOOOOO

242 2020 2250 2165 zzs”²1².“÷.’2'3,“⁶332¹3‘3„3212ss⁸ffi”lmffiafi‘522‘30322233⁰⁶1222
2272 2028 2453 2139 ’m‘

197 2145 207 2170 ³
236 2151 563 2214 idemvellde
575 2155 703 2219 Reg.
704 2160 835 2207 —19
853 2156 1276 2205 Thessalicosroseo
1288 2155 1440 2204 Fam.
1455 2153 1557 2204 inc.
1579 2154 1761 2205 Heius.
1781 2154 1953 2204 Ursin.
1973 2153 2101 2204 Cod.
2119 2155 2317 2205 Mazar.
2337 2155 2451 2205 Mo·

238 2224 339 2267 ret.
360 2232 466 2269 sec.
487 2221 608 2270 Vat.
634 2221 795 2269 Liviu.
814 2220 930 2271 edd.
954 2222 1113 2271 Gesu.
1137 2227 1193 2270 et
1210 2219 1423 2283 Bipout.
1451 2217 1712 2270 mesatico
1733 2234 1886 2269 roseos
1907 2225 2017 2270 tres
2037 2222 2156 2270 Vat.
2181 2219 2293 2269 Pal.
2307 2220 2450 2271 Prie.

239 2281 387 2333 Rott.
426 2284 714 2334 Thessalicos
730 2301 858 2335 roseo
896 2287 980 2336 vel
1024 2285 1286 2336 Thessalico
1301 2299 1455 2333 roseos
1477 2284 1599 2334 Vat.
1624 2300 1703 2349 pr.
1736 2291 1793 2335 et
1817 2299 1920 2336 sec.
1938 2300 2005 2335 ιιι.
2045 2300 2124 2350 pr.
2162 2285 2453 2335 Thessalicos

236 2362 366 2397 roseo
388 2350 605 2400 nectebat
620 2352 786 2416 pollice
808 2351 925 2401 Pat.
950 2351 1077 2401 Cod.
1101 2351 1182 2414 Ep
1186 2350 1240 2415 ig
1245 2365 1284 2399 r.
1302 2347 1486 2399 Ambr.
1506 2350 1634 2400 Exc.
1675 2351 1895 2401 Lucens.
1915 2365 2020 2400 sec.
2046 2349 2264 2415 pectebat
2277 2350 2450 2414 pollice

236 2412 471 2466 Floreat.
498 2415 622 2467 Put.
649 2423 750 2467 vet
783 2417 915 2482 Gyr.
934 2418 1064 2467 Exc.
1085 2416 1287 2466 Schott.
1319 2414 1533 2464 nectebat
1551 2415 1671 2466 Vat.
1710 2430 1788 2482 pr.
1835 2422 1891 2466 et
1921 2430 2028 2467 sec.
2065 2431 2130 2467 m.
2165 2429 2268 2467 sec.
2307 2415 2451 2468 Prie.

239 2478 405 2530 Oisel.
433 2482 652 2545 pectebat
676 2484 806 2545 Reg.
822 2483 1016 2533 Thuan.
1040 2483 1235 2532 Mazar.
1258 2481 1445 2530 Petav.
1469 2496 1547 2545 pr.
1588 2481 1769 2531 Ambr.
1806 2488 1863 2531 et
1894 2482 2017 2533 Jun.
2052 2496 2128 2545 pr.
2154 2483 2278 2531 Lov.
2298 2481 2452 2532 ambo

236 2545 451 2596 Moreti.
486 2548 701 2597 nectebat
714 2548 902 2610 pectine
923 2550 1045 2597 Vat.
1067 2553 1189 2597 tert.
1211 2546 1327 2596 cod.
1351 2546 1517 2596 Ursiu.
1550 2547 1694 2597 Med.
1730 2561 1836 2596 sec.
1866 2547 2069 2596 Thalos.
2113 2546 2218 2596 duo
2262 2546 2451 2597 Petav.

225 2611 448 2679 pectebat
463 2612 653 2675 pectine
674 2612 778 2661 duo
799 2614 945 2663 Vatt.
970 2613 1085 2663 Pal.
1108 2613 1263 2662 Fam.
1312 2612 1457 2661 Rott.
1485 2611 1630 2661 Med.
1670 2619 1793 2662 tert.
1815 2612 1916 2661 inc.
1940 2610 2123 2661 Heius.
2212 2610 2368 2660 ctebat
2390 2617 2451 2661 et

235 2677 574 2726 emendatum
590 2678 804 2727 nectebat
825 2677 970 2727 Med.
990 2692 1162 2741 pr.pe
1100 2676 1319 2740 pectebat
1342 2677 1423 2726 vel
1446 2677 1660 2725 nectebat
1682 2677 1811 2740 Reg.
1846 2676 2016 2726 Oxou.
2035 2690 2112 2739 pr.
2181 2674 2311 2725 mbr.
2344 2690 2450 2727 sec.

219 2740 473 2804 flectebat,
496 2743 578 2791 vel
600 2742 832 2805 nectebat,
854 2742 934 2793 vel
952 2742 1168 2805 pectebat
1192 2741 1362 2792 Oxou.
1379 2755 1483 2791 sec.
1484 2745 1618 2791 -20
1653 2741 1760 2790 Hoc
1797 2742 1920 2792 vat.
1954 2755 2057 2791 sec.
2098 2741 2241 2791 Med.
2316 2747 2451 2792 uart.

233 2805 336 2854 inc.
361 2807 548 2858 Heius.
568 2808 752 2857 Petav.
777 2822 877 2858 sec.
905 2808 1005 2857 duo
1029 2807 1200 2857 Oxou.
1220 2806 1349 2857 Exc.
1386 2807 1605 2856 Lucens.
1628 2822 1705 2870 pr.
1740 2806 1867 2858 Var.
1905 2807 2009 2855 LL.
2034 2820 2249 2883 emarg
2322 2820 2449 2857 arm.
2543 2848 2545 2851 ,

234 2869 323 2919 Sic
348 2872 495 2922 Rott.
499 2877 626 2922 -21
660 2887 804 2922 senex
824 2872 941 2923 Pat.
961 2887 1108 2922 senex
1129 2873 1211 2922 vel
1232 2886 1362 2922 socer
1379 2872 1501 2921 Put.
1524 2872 1641 2935 quid
1659 2871 1722 2933 J'u
1790 2886 1867 2920 ere
1886 2871 2007 2922 Vat.
2027 2870 2194 2922 Livin.
2226 2870 2308 2935 qni
2332 2872 2453 2933 jun·

228 2950 346 2998 gere
390 2936 516 2987 Ald.
517 2942 648 2987 -22
685 2939 824 2995 Quod
850 2937 1036 3015 pepigit
1073 2937 1268 2988 Moret.
1308 2952 1386 3002 pr.
1416 2936 1737 3013 pepigi-legit
1816 2937 1943 2987 eins.
1943 2940 2073 2985 -28
2105 2937 2159 2985 hi
2192 2936 2296 2987 duo
2334 2951 2449 2987 ver·

230 3015 318 3051 sus
335 3017 495 3052 manu
517 3004 718 3054 recenti
737 3003 949 3067 ascripti
973 3002 1167 3052 suntin
1184 3004 1308 3053 Vat.
1367 3016 1405 3053 r.
1437 3001 1679 3052 luxuriam
1720 3001 1821 3052 duo
1838 3003 1962 3053 Vat.
1983 3001 2124 3051 Prie.
2163 3003 2289 3053 Exc.
2326 3001 2450 3053 Pat-

232 3080 338 3117 rec.
366 3067 591 3118 Lucens.
614 3083 719 3118 sec.
743 3070 870 3119 Cod.
895 3068 1059 3132 epigr.
1082 3066 1263 3118 Ambr.
1280 3083 1310 3117 e
1351 3067 1561 3117 .Vicet.
1593 3067 1833 3118 luxuriem
1851 3066 2036 3131 viginti
2069 3074 2175 3117 tres
2193 3067 2301 3129 alii,
2326 3068 2449 3118 edd.

232 3131 409 3181 Parm-
436 3132 620 3183 Heins.
643 3133 804 3183 Gesn.
840 3140 896 3183 et
927 3133 1138 3197 Bipont.
1160 3134 1286 3182 item
1320 3133 1442 3182 Var.
1465 3133 1568 3183 LL.
1597 3148 1627 3182 e
1649 3148 1810 3197 marg.
1833 3132 2084 3197 eiusdem.
2113 3133 2307 3182 luxuria
2327 3134 2450 3183 Vat.

230 3204 400 3262 quart.
431 3213 670 3262 moresque
692 3198 794 3247 duo
816 3199 961 3248 Vati.
985 3198 1172 3250 Petav.
1194 3214 1272 3264 pr.
1305 3213 1536 3247 moremve
1556 3197 1683 3248 Jun.
1703 3213 1782 3262 pr.
1817 3212 2083 3262 moremque
2118 3198 2239 3248 Vat.
2271 3213 2352 3261 pr.
2390 3205 2448 3249 et

232 3269 356 3313 tert.
382 3263 497 3313 Pal.
525 3263 668 3313 Prie.
693 3262 1027 3314 Rott.oise1.
1059 3278 1317 3328 morevnque
1352 3264 1434 3312 vel
1462 3268 1747 3328 patrumque
1783 3264 1927 3315 Med.
1959 3277 2065 3313 sec.
2067 3267 2197 3312 -24
2234 3262 2446 3327 Quaesie-

230 3327 324 3376 rim
346 3328 495 3378 Med.
512 3341 615 3379 sec.
636 3330 839 3378 mitani
858 3329 941 3379 vel
960 3330 1141 3378 υιιὶίιιιιι
1171 3329 1365 3379 Petav.
1389 3343 1497 3378 sec.
1530 3328 1707 3377 tabulis
1741 3328 1860 3379 Var.
1902 3329 2004 3378 LI..
2029 3327 2112 3378 ed.
2144 3321 2306 3378 Antv.
2341 3328 2447 3377 tha-

233 3393 376 3441 lamis
399 3407 579 3442 omnes
606 3393 750 3445 Vatt.
770 3395 886 3444 Pal.
921 3395 1073 3444 Farn.
1097 3394 1242 3444 Pric.
1268 3394 1413 3444 Rott.
1438 3393 1604 3444 Oisel.
1639 3393 1763 3445 Jun.
1787 3409 1870 3457 pr.
1887 3393 2032 3443 Leid.
2055 3408 2132 3456 pr.
2156 3393 2260 3442 iluo
2275 3393 2448 3445 Oxou.

229 3457 407 3509 tabulis
432 3460 514 3507 vel
533 3459 756 3509 thalamis
794 3461 984 3510 Moret.
1026 3474 1108 3524 pr.
1129 3465 1183 3509 nt
1207 3464 1373 3509 mutua
1395 3458 1541 3508 Med.
1578 3463 1700 3509 tert.
1745 3458 1891 3508 noxia
1926 3457 2107 3508 Ambr.
2142 3472 2224 3522 pr.
2251 3458 2445 3510 Sched.

1233 3592 1280 3641 N
1289 3588 1451 3640 OTAE

291 3691 358 3736 17
397 3687 609 3737 Fraudis
629 3688 805 3751 adhuc]
861 3689 1107 3739 Nondum
1138 3703 1300 3752 gnara
1379 3701 1471 3736 nes
1519 3684 1737 3735 Achillis
1801 3683 2065 3734 Thessali:
2121 3684 2257 3734 hunc
2309 3683 2445 3735 enim

230 3761 450 3827 fraudis,
474 3779 579 3829 qua
614 3764 848 3814 Achilles
897 3773 1045 3814 veste
1080 3765 1298 3829 puellari
1378 3764 1574 3813 Phthia
1598 3763 1718 3812 urbs
1738 3762 2021 3812 Thessalioe
2050 3767 2323 3825 genuerat.

232 3839 447 3890 indutus
473 3840 697 3904 seipsam
724 3841 956 3904 decepit.
1441 3844 1508 3889 20
1546 3841 1805 3904 Queritur]
1839 3838 1926 3896 Ob
1950 3838 2138 3888 amoris
2163 3837 2440 3902 impatien-

297 3922 362 3966 18
399 3917 612 3966 Hor-mit
636 3917 745 3980 Ide]
796 3916 889 3969 Ida
922 3932 1067 3968 mons
1104 3918 1298 3982 Trojoe,
1382 3916 1525 3965 tiam.

231 4008 323 4043 seu
350 3994 525 4056 potius
548 3995 659 4057 ipsa
679 3994 833 4057 Troja
855 3996 1088 4058 tremuit,
1112 3997 1299 4045 adven·
1444 3996 1509 4041 2³
1550 3993 1658 4041 Non
1681 3991 1792 4054 ego]
1844 3992 1965 4043 Nou
2001 3990 2186 4055 petivi,
2226 3997 2285 4040 ut
2331 3990 2447 4054 pul·

235 4074 290 4119 tu
308 4066 529 4119 Achillis
553 4069 767 4133 pulchre
789 4071 1043 4134 capillati.
1113 4073 1298 4121 Lucia·
1381 4068 1752 4119 cherrimarum
1828 4068 2133 4132 Principum
2192 4066 2447 4132 imagines

231 4160 374 4195 uus:
446 4147 461 4174 ‘
505 4148 672 4199 Quam
739 4147 974 4209 speciosa
1032 4148 1295 4198 caesaries!
1381 4144 1539 4208 pictae
1573 4144 1637 4194 ad
1680 4159 1762 4194 me
1806 4145 2171 4206 mittere-utun
2203 4142 2257 4194 id
2305 4143 2445 4210 quod

232 4238 386 4287 quam
413 4223 657 4274 terribilis
673 4223 726 4271 in
751 4223 1118 4281 bellatoribus!
1145 4239 1300 4289 quam
1378 4220 1582 4272 faciunt
1603 4221 1777 4288 Reges
1797 4221 1867 4273 ad
1890 4236 2135 4287 pompam
2177 4226 2236 4272 et
2273 4227 2445 4273 osteu-

235 4298 428 4350 decora
451 4301 500 4348 in
522 4299 944 4349 adolescentibus
963 4300 992 4347 l'
1024 4303 1124 4350 διο.
1380 4298 1648 4350 tationem.

300 4380 367 4429 19
404 4375 692 4429 nanuum
705 4374 886 4452 crines]
918 4376 1182 4431 Pectebat
1199 4376 1301 4431 cri·
