2925 4928
898 424 996 473 DE
1046 422 1285 471 BELLO
1331 420 1771 471 GILDoNlcO.

2310 402 2438 470 381

228 559 594 640 Theudosii
621 590 863 656 pacem
891 569 1094 635 laturi
1125 570 1431 652 gentibus
1464 569 1688 632 ibant:

231 674 369 753 Qui
394 675 440 739 J
446 678 601 740 ovis
634 694 917 740 arcanos
944 674 1269 762 monitus»,
1294 670 1742 755 mandataque
1765 670 2013 735 ferrent

228 773 601 857 Fratribus,
629 786 698 841 et
720 778 1004 860 geminis,
1027 775 1364 842 sancirent
1384 774 1652 839 foedera
1669 774 1914 857 regnis·

226 879 339 945 Sic
372 901 528 945 cum
555 881 947 965 praecipites
978 891 1189 945 artem
1219 880 1440 943 vicere
1472 877 1813 962 procellae,

225 981 665 1067 Assiduoque
694 1003 965 1065 gemens
994 981 1320 1047 undarum
1354 982 1630 1044 verbere
1659 987 1852 1045 nutat

228 1087 653 1156 Descensura
679 1088 869 1165 ratiS,
902 1105 1092 1152 caeca
1119 1087 1243 1150 sub
1273 1091 1469 1148 nocte
1500 1085 1723 1148 vocati

2307 978 2441 1044 220

226 1188 579 1271 Naufraga
606 1189 838 1254 Ledaei
869 1194 1239 1253 sustentant
1269 1189 1422 1252 vela
1452 1186 1778 1252 Lacones,

228 1290 536 1356 Circulus
564 1298 637 1356 ut
666 1293 882 1376 patuit
907 1291 1149 1369 Lunae,
1180 1310 1459 1355 secuere
1489 1296 1745 1356 meatus

227 1394 582 1459 DiverSOS.

672 1396 887 1461 Italas
921 1397 1141 1459 senior
1168 1394 1487 1458 tendebat
1514 1396 1581 1458 in
1614 1413 1806 1459 oras:

230 1578 353 1642 bant,
388 1579 556 1628 daturi
584 1594 748 1642 pacem
779 1580 988 1643 populis:
1021 1580 1103 1643 qui
1140 1580 1414 1631 Theodosii
1451 1584 1745 1644 reportarent
1775 1579 1950 1628 duobus
1973 1578 2214 1639 fratribus
2236 1586 2441 1631 secretas

229 1644 587 1705 admonitiones,
610 1646 799 1706 etjussa
826 1645 981 1706 Jovis,
1016 1661 1072 1694 ac
1102 1646 1371 1694 stabilirent
1398 1646 1587 1707 foedera
1620 1647 1669 1694 in
1711 1646 1884 1693 duobus
1917 1646 2151 1707 Imperiis.
2218 1646 2298 1694 Ita
2330 1662 2440 1695 cum

229 1710 506 1758 turbulentae
537 1714 832 1772 tempestates
864 1716 1200 1772 superaverunt
1242 1710 1527 1759 industriam
1571 1709 1945 1774 gubernatoris,
1982 1714 2027 1757 et
2062 1712 2198 1758 navis
2224 1713 2455 1774 perculsa,

229 1774 488 1834 agitatione
508 1778 728 1822 continua
751 1776 991 1838 fluctuum
1024 1776 1212 1824 vacillat
1252 1791 1371 1823 mox
1408 1776 1745 1837 submergenda
1762 1792 1781 1833 ‚-
1813 1775 2018 1823 Lacones
2041 1775 2205 1823 Ledcei
2233 1776 2440 1825 invocati

230 1839 351 1887 inter
370 1839 627 1899 caliginem
649 1841 902 1900 obscuram,
921 1841 1152 1889 sustinent
1175 1842 1331 1888 navim
1349 1855 1468 1888 mox
1494 1839 1749 1889 facturam
1772 1839 2090 1901 naufragium.
2166 1839 2258 1889 Ubi
2271 1841 2440 1901 globus

232 1903 376 1951 Lanae
397 1909 591 1969 apertus
621 1910 709 1968 est,
745 1905 1016 1953 Theodosii
1048 1903 1269 1964 fecerant
1293 1906 1392 1954 sibi
1415 1906 1517 1954 vias
1538 1899 1721 1955 varias:
1755 1906 1910 1960 senior
1929 1919 2043 1964 avus
2065 1904 2162 1953 ibat
2184 1905 2236 1953 in
2257 1912 2439 1955 tractus

1159 2050 1482 2070 OOOOOOOOOOO
1486 2050 1517 2068 O

221 2152 325 2199 216
361 2150 652 2200 Theudosius
680 2151 805 2200 Vat.
845 2165 947 2201 sec.
982 2150 1225 2200 Theodosii
1264 2152 1436 2202 Oxou.
1479 2151 1601 2212 duo,
1639 2150 1784 2201 Leid.
1827 2152 2018 2200 Lovan.
2054 2151 2226 2200 Vicet.
2264 2149 2439 2201 Parm.

232 2216 455 2265 Thedosii
476 2216 620 2265 Leid.
645 2231 719 2279 pr.
744 2218 845 2270 duo
870 2217 1040 2266 Oxou.
1077 2217 1196 2266 Ald.
1218 2217 1367 2268 Junt.
1407 2217 1606 2279 Gryph.
1641 2217 1968 2265 Golia—217
2002 2230 2257 2279 arcanaque
2289 2216 2439 2267 Leid.

265 2295 303 2331 r.
327 2280 671 2331 Oinoa—218
700 2281 935 2330 saciarent
954 2281 1133 2331 Ambr.
1158 2297 1239 2345 pr.
1286 2281 1520 2331 sociarent
1543 2283 1662 2331 Vat.
1683 2283 1844 2346 quint.
1870 2289 2024 2345 atque
2049 2282 2122 2330 ita
2142 2282 2442 2344 conjecerat

280 2345 495 2396 einsius.
549 2348 685 2408 regni
709 2347 878 2396 Oxou.
903 2351 1146 2410 [ηπ-219
1178 2352 1330 2396 artem
1352 2354 1574 2411 quatuor
1610 2348 1751 2396 Med.
1785 2347 1884 2395 duo
1910 2346 2091 2395 Heius.
2161 2347 2292 2409 Reg.
2317 2346 2440 2395 Pat.

223 2410 422 2460 Thuan.
446 2411 637 2461 Mazar.
661 2421 763 2460 tres
785 2411 972 2461 Petav.
995 2413 1124 2460 Exc.
1150 2412 1300 2475 Laeti,
1323 2420 1379 2461 et
1400 2414 1525 2460 Var.
1552 2413 1655 2461 LL.
1678 2427 1707 2461 e
1730 2427 1889 2474 marg.
1913 2411 2084 2460 Parm.
2136 2426 2292 2460 arcem
2324 2410 2443 2460 Pal.

226 2476 390 2526 Oisel.
414 2478 644 2526 Florent.
667 2478 789 2526 Put.
812 2477 996 2540 Isingr.
1022 2478 1188 2526 Vicet.
1214 2478 1389 2526 Parm.
1424 2477 1544 2527 Ald.
1565 2479 1712 2529 Junt.
1737 2478 1904 2527 Colin.
1927 2478 2125 2541 Gryph.
2179 2491 2335 2524 arcem
2358 2477 2440 2525 vei

222 2546 377 2590 artem
413 2543 700 2591 Low—221
736 2543 996 2591 Decessura
1035 2543 1136 2590 duo
1173 2544 1362 2592 Motet.
1400 2545 1522 2592 Lov.
1562 2541 1686 2591 Ald.
1723 2545 1851 2591 Exc.
1889 2542 2108 2590 Gevart.
2147 2549 2202 2589 et
2242 2542 2444 2590 Ruben.

223 2605 528 2656 Descensura
548 2608 676 2656 Exc.
703 2607 856 2656 Laeti.
905 2607 1173 2667 Defensara
1210 2607 1358 2657 Rott.
1393 2609 1680 2656 Descessura
1711 2609 1834 2656 Vat.
1868 2612 2036 2670 quart.
2075 2608 2335 2654 Desessnra
2367 2606 2442 2653 le·

229 2671 388 2735 gebat
415 2671 676 2721 Heinsius.
725 2674 882 2735 quales
902 2673 984 2720 sub
1008 2678 1141 2720 nocte
1177 2673 1366 2722 Moret.
1402 2687 1482 2735 pr.
1533 2672 1692 2722 vocari
1712 2673 1884 2721 Vicet.
1923 2673 2255 2721 Parn1.——2·22
2291 2675 2442 2719 osten-

225 2739 341 2785 dunt
361 2737 481 2786 bella
502 2739 725 2785 dracones
746 2752 909 2798 marg.
945 2736 1294 2800 [singu—223
1328 2742 1381 2785 at
1413 2738 1563 2785 Lanae
1598 2739 1757 2799 patuit
1790 2739 1910 2787 Vat.
1951 2739 2218 2784 sea—224
2251 2737 2311 2783 ad
2332 2749 2443 2784 oras

227 2801 340 2852 Pal.
364 2803 519 2852 Farn.
546 2801 689 2852 Rott.
723 2803 774 2851 in
795 2816 901 2851 oras
924 2802 1046 2851 Vet.
1073 2803 1203 2865 Gyr.
1219 2803 1410 2853 Moret.
1430 2817 1508 2867 pr.
1528 2800 1707 2852 Ambr.
1732 2816 1834 2852 sec.
1856 2802 1975 2851 Pat.
1999 2801 2196 2850 Mazar.
2230 2802 2292 2850 ad
2312 2814 2456 2850 arces*

1234 2973 1280 3022 N
1290 2972 1446 3023 0⁷1*AE

291 3088 389 3134 216
429 3083 703 3146 Theudosii]
751 3083 1071 3134 Theodosius
1111 3083 1296 3147 major,
1440 3088 1538 3132 218
1580 3083 1850 3147 Fratribus]

231 3174 317 3210 seu
336 3161 510 3209 senior
524 3175 681 3221 avus;
713 3168 770 3210 et
784 3161 1097 3209 Theodosius
1115 3161 1296 3221 minor,
1377 3159 1471 3210 rio.

1918 3081 2144 3133 Arcadio
2179 3086 2236 3132 et
2269 3081 2444 3132 Hono-

233 3251 317 3287 zeu
332 3238 536 3302 junior,
560 3243 711 3301 pater
735 3236 947 3286 Arcadii
969 3245 1022 3285 et
1047 3237 1293 3286 Honorii:

231 3330 398 3381 neque
423 3315 519 3364 Dii
543 3320 743 3363 tantum
776 3313 1036 3376 dicuntur,
1067 3313 1159 3362 sed
1179 3328 1298 3376 pro-

229 3405 372 3440 ceres
417 3390 708 3440 eminentes
747 3389 887 3438 inter
931 3390 1102 3438 Deos:
1161 3390 1297 3439 huuc

230 3466 420 3517 fastum
471 3466 674 3516 invexit
720 3466 1006 3516 Poetarum
1054 3467 1298 3516 Ethnico-

205 3570 208 3573 >
230 3559 338 3594 rum
360 3545 445 3595 vel
480 3544 697 3593 ambitio
722 3546 798 3592 vel
824 3543 1065 3594 adulatio.
1133 3543 1297 3593 Theo-

231 3621 402 3672 dosius
460 3635 608 3681 avuS,
667 3621 747 3668 vir
818 3621 952 3669 bello
1020 3628 1295 3669 strenuus:

232 3699 321 3748 sed
378 3699 754 3747 malevolorum
808 3697 1021 3758 invidia,
1086 3704 1143 3746 et
1200 3699 1301 3745 Va-

225 3776 377 3825 lentis
411 3774 758 3838 Imperatoris
791 3773 1155 3836 superstitiosa
1190 3787 1299 3822 sus-

229 3853 435 3917 picione
483 3864 763 3917 oppressus
802 3857 901 3900 est.
980 3851 1184 3901 Etenim
1215 3851 1299 3900 hic

231 3931 471 3994 princeps
496 3927 710 3977 audiens
745 3925 810 3975 ab
849 3926 1168 3990 aruspicibus
1201 3926 1301 3975 sibi

235 4006 466 4056 funestas
477 4003 602 4054 fore
627 4003 825 4065 literas,
857 4009 913 4053 Θ.
931 4009 985 4052 1·:.
1005 4009 1061 4054 0.
1084 4010 1142 4054 Δ.
1173 4005 1299 4052 mul-

234 4092 309 4134 tos
331 4083 552 4144 occidit,
588 4097 806 4146 quorum
841 4082 1049 4130 nomina
1070 4081 1136 4130 ab
1159 4082 1220 4130 iis
1242 4082 1302 4130 li-

236 4167 355 4217 teris
396 4162 747 4226 incipiebant,
792 4167 849 4210 et
872 4161 1008 4210 inter
1031 4175 1120 4209 eos
1142 4160 1302 4209 Theo-

235 4244 428 4294 dosium
450 4240 727 4302 seniorem,
748 4239 895 4302 enjus
917 4244 1075 4306 eaput
1092 4237 1303 4286 Cartha-

238 4321 350 4386 gine
374 4323 698 4385 amputatum
718 4322 824 4377 estffi

1446 3239 1663 3288 Geminis
1692 3237 1876 3300 regnis]
1925 3237 2144 3287 Duobus
2184 3235 2446 3303 Imperii3‚

1378 3315 1614 3365 Orientis
1657 3322 1711 3363 et
1768 3312 2092 3373 OccidentiS,
2147 3311 2442 3360 stabilirent

1379 3406 1581 3455 paoem,
1625 3406 1742 3457 quae
1786 3391 1931 3439 velut
1978 3389 2198 3453 quodam
2243 3387 2442 3436 foedere

1377 3468 1684 3517 immutabili
1710 3474 1826 3516 rata
1849 3473 1901 3514 et
1924 3465 2122 3513 sancita
2144 3461 2371 3512 floreret.

1442 3548 1540 3595 219
1593 3544 1678 3593 Sic
1735 3542 1862 3604 cam]
1938 3541 2072 3590 Haec
2125 3538 2444 3602 comparatio

1378 3624 1393 3650 ‘
1417 3621 1553 3670 haud
1576 3622 1701 3670 satis
1724 3619 1924 3684 magna'
1946 3619 2056 3675 visa
2079 3624 2159 3666 est
2182 3617 2443 3681 Scaligero

1418 3697 1534 3746 atri.

1381 3713 1413 3762 P
1442 3777 1540 3840 222
1573 3773 1736 3820 Ledoei
1772 3770 2000 3834 Lacones]
2050 3770 2123 3817 Ut
2160 3769 2345 3819 Castor
2387 3774 2447 3819 et

1378 3851 1567 3903 Pollux
1592 3863 1655 3897 ex
1678 3850 1813 3900 Jove
1835 3856 1888 3896 et
1915 3848 2057 3895 Leda
2081 3847 2239 3910 geniti
2265 3848 2320 3896 in
2348 3849 2447 3896 La·

1378 3928 1532 3978 conia
1576 3927 1798 3975 Graeciae
1853 3929 2068 3989 regione
2110 3926 2278 3974 nautis
2327 3934 2447 3976 sunt

1380 4005 1620 4069 propitii,
1650 4014 1705 4053 et
1745 4006 1892 4066 pulsa
1925 4010 2237 4065 tempestate
2260 4001 2447 4052 navem

1377 4087 1690 4138 sustentant,
1725 4081 1799 4130 sic
1838 4081 1941 4128 duo
1975 4079 2275 4141 Theodosii,
2320 4094 2446 4130 avus

1378 4165 1434 4207 et
1458 4164 1630 4221 pater,
1656 4157 1979 4220 Reipublicae
2005 4157 2175 4205 navim
2194 4153 2450 4205 fluctuan-

1378 4241 1486 4284 tem
1497 4246 1817 4291 ‚servaverun
1823 4239 1862 4283 t.

1443 4313 1540 4359 223
1579 4308 1818 4372 circulus]
1852 4306 2037 4360 Poetae
2058 4307 2321 4363 ,finxerunt
2352 4306 2449 4360 oir-
