2925 4928
498 390 593 458 22
1315 403 1879 456 rnonncoMnNA
1997 430 2004 445 ,

499 551 687 618 tandi
710 552 1003 618 studium
1031 549 1251 635 poetae
1279 551 1712 635 imposuerat,
1755 568 1986 616 verum
2020 549 2138 615 illa
2182 550 2406 616 omnia
2435 549 2742 616 exordii

499 661 759 721 tantum
783 654 965 720 vices
995 657 1350 733 sustinent,
1380 657 1740 739 statimque
1786 655 2278 737 cognoscimuS,
2315 653 2601 738 poetam
2651 656 2740 720 in

502 759 726 824 animo
753 757 1020 836 habere,
1066 759 1224 823 nihil
1274 761 1798 844 praetermittere,
1838 758 2027 842 quod
2073 760 2454 823 memoriam
2504 758 2740 823 istius

497 860 788 927 hominis
813 862 1055 945 ‘aliqua
1104 864 1354 928 ratione
1415 866 1635 948 possit
1687 863 2052 927 diffamare.
2141 861 2392 946 Incipit
2442 863 2635 926 enim
2681 880 2736 926 a

500 966 722 1048 prima
752 966 1062 1049 pueritia,
1093 986 1302 1049 eaque
1346 968 1573 1046 etiam,
1621 986 1778 1051 quae
1808 967 2086 1030 fortunae
2122 964 2400 1042 fuerant,
2449 974 2732 1051 suaque

500 1074 742 1133 natura
767 1069 1257 1132 miserationem
1286 1070 1511 1152 potius
1539 1088 1737 1152 quam
1771 1068 2101 1134 invidiam
2123 1087 2405 1133 movere
2451 1067 2732 1145 solentg

501 1191 763 1237 summa
812 1172 1297 1237 inhumanitate
1338 1174 1452 1237 vel
1508 1171 1733 1256 potius
1785 1172 2174 1238 crudelitate
2229 1172 2305 1236 in
2337 1170 2725 1237 ludibrium

496 1275 693 1341 istius
744 1277 1035 1355 adhibet,
1090 1276 1379 1361 dumque
1430 1297 1512 1341 ea
1550 1280 1661 1342 vel
1712 1288 1932 1344 mente
1976 1278 2217 1342 recolit
2255 1279 2374 1341 -vel
2424 1276 2725 1360 effingit,

495 1380 675 1445 velut
723 1381 1074 1444 laetissimo
1132 1383 1526 1464 spectaculo
1595 1381 1725 1447 frui
1796 1381 2083 1447 videtur.
2167 1378 2280 1446 Ex
2335 1381 2439 1445 his
2498 1382 2725 1447 rebus

499 1483 734 1548 saeculi
794 1503 1016 1547 mores
1079 1482 1478 1566 cognoscaS,
1521 1485 1769 1568 quibus
1812 1484 1978 1548 talia
2019 1485 2285 1568 placere
2335 1483 2716 1568 potuerint.

498 1585 579 1649 In
609 1588 1063 1670 sequentibuS,
1094 1587 1214 1650 ubi
1243 1587 1450 1651 vitam
1501 1587 1819 1669 spadonis
1863 1605 2074 1670 usque
2111 1585 2202 1650 ad
2251 1590 2520 1651 aetatem
2556 1585 2722 1670 ejus

499 1690 834 1753 exoletam
891 1689 1337 1772 prosequitur,
1394 1690 1597 1753 talem
1648 1690 2023 1773 verborum,
2087 1689 2591 1765 sententian-tm,
2638 1692 2718 1753 et

499 1790 1003 1855 similitudinum
1032 1791 1363 1855 delectum
1386 1791 1605 1870 habet,
1635 1796 1715 1855 ut
1743 1811 1832 1855 ex
1880 1791 2089 1856 altera
2132 1798 2325 1874 parte
2365 1791 2712 1873 ingenium

498 1894 780 1971 mireriS,
811 1914 899 1958 ex
953 1896 1168 1959 altera
1211 1895 1469 1974 doleaS,
1495 1944 1500 1945 ff
1523 1896 1771 1960 donum
1815 1895 1982 1959 illud
2032 1901 2290 1959 naturae
2337 1894 2409 1957 in
2451 1913 2520 1957 re
2563 1900 2712 1957 tam

499 1997 679 2079 turpi
714 1986 874 2060 ‘esse
936 2004 1380 2062 consumtum.
1468 1998 1835 2080 Imaginem
1893 1998 2075 2062 enim
2130 1998 2360 2062 miseri
2409 1996 2715 2060 hominis

498 2097 804 2163 videmus
834 2101 1144 2164 omnibus
1174 2101 1467 2165 numeris
1519 2102 1911 2179 absolutam,
1972 2106 2047 2165 ut
2087 2100 2173 2165 ad
2220 2100 2592 2165 foeditatem
2639 2103 2709 2161 et

503 2199 1018 2267 obscoenitatem
1048 2201 1209 2265 nihil
1238 2204 1456 2285 possit
1485 2202 1670 2268 addi.
1762 2202 2228 2286 Quaecumque
2255 2201 2440 2267 mala
2467 2220 2707 2266 senec·-

500 2306 610 2366 tus
641 2302 981 2386 decrepita
1004 2310 1080 2368 et
1107 2306 1408 2388 neglecta
1469 2304 1724 2385 afferat,
1772 2307 1842 2371 in
1886 2309 2086 2372 istam
2133 2312 2333 2370 aucta
2383 2306 2585 2370 etiam
2627 2309 2709 2367 et

497 2404 907 2492 amplificata
957 2411 1279 2490 congesta
1321 2415 1499 2475 sunt.
1592 2408 1727 2474 Sed
1775 2411 1957 2493 piget
2005 2409 2157 2475 istis
2196 2409 2405 2475 rebus
2450 2393 2706 2474 diutius

496 2508 859 2587 immorari,
888 2510 956 2573 in
979 2512 1251 2595 quibuS,
1280 2519 1602 2595 quantum
1635 2514 1761 2578 arti
1789 2514 2015 2579 tribuit
2043 2512 2266 2597 poeta,
2309 2518 2567 2578 tantum
2612 2511 2702 2578 ab

496 2610 905 2676 humanitate
937 2612 1291 2695 discessit3
1333 2618 1402 2678 et
1428 2636 1585 2699 quae
1618 2616 1803 2682 dicta
1845 2620 2017 2695 sunt,
2059 2621 2350 2699 possunt
2389 2613 2701 2679 sufficere

500 2713 586 2777 ad
620 2714 1124 2800 ostendendum,
1156 2720 1404 2802 quibus
1444 2720 1868 2785 lineamentis
1914 2727 1981 2785 et
2016 2721 2356 2786 coloribus
2401 2736 2568 2784 usus
2610 2716 2701 2781 sit

498 2816 567 2879 in
606 2817 1008 2883 adversariis
1037 2819 1528 2901 describendiS,
1553 2843 1687 2908 qua
1729 2823 1801 2888 in
1836 2831 1922 2888 re·
1950 2841 2084 2888 non
2112 2822 2400 2900 dubitat,
2438 2837 2692 2886 omnem

497 2918 997 3001 probabilitatis
1023 2922 1235 3005 legem
1264 2927 1572 3008 migrare,
1603 2919 1962 2994 dummodo
2003 2935 2221 3005 curet,
2236 2944 2321 2990 ne
2351 2912 2694 3009 turpitudi-

497 3039 581 3085 ne
612 3022 847 3105 aliqua
867 3025 1124 3107 vulgari
1140 3028 1450 3111 insignes
1482 3032 2007 3115 conspiciantur.

518 3161 521 3162 ν
586 3123 1097 3208 Progrediamur
1127 3131 1215 3197 ad
1243 3133 1512 3197 tertium
1552 3153 1781 3216 genus,
1824 3152 1958 3218 quo
1983 3133 2235 3198 bellum
2266 3127 2688 3196 Gildonicum·

496 3233 567 3291 et
591 3224 902 3293 Geticum
934 3233 1332 3301 continetur.
1422 3237 1506 3300 In
1536 3257 1669 3320 quo
1700 3257 1853 3303 cum
1894 3255 2185 3320 persona
2211 3236 2318 3300 vel
2359 3230 2693 3297 laudanda

496 3329 603 3395 vel
631 3329 1067 3415 vituperanda
1095 3356 1233 3400 non
1251 3339 1341 3401 sit
1369 3341 1739 3423 proposita,
1767 3339 1885 3404 sed
1917 3358 2025 3403 res
2050 3344 2244 3421 gesta
2269 3331 2684 3418 exponenda,

487 3432 639 3516 jure
708 3438 1054 3524 potuisses
1121 3445 1511 3523 expectare,
1570 3441 1900 3506 rationem
1955 3441 2223 3525 epicam
2273 3434 2681 3521 potissimum

495 3534 707 3601 fuisse
739 3539 1129 3606 adhibitam.
1215 3542 1473 3628 Verum
1503 3546 1788 3609 multum
1816 3544 2109 3624 falle<ris3
2138 3561 2291 3605 nam
2338 3539 2407 3603 in
2434 3536 2682 3602 duobus

496 3637 632 3702 illis
656 3644 1068 3709 carminibus
1107 3647 1390 3712 actionis
1444 3654 1546 3713 est
1595 3666 1855 3732 parum,
1904 3645 2323 3728 nimiumque
2364 3641 2684 3705 declama—

496 3741 734 3808 tionis,
825 3745 942 3810 Dii
974 3749 1248 3830 quidem
1270 3757 1338 3815 et
1360 3751 1670 3817 homines
1697 3751 2080 3834 complures
2123 3749 2192 3811 in
2240 3762 2507 3810 scenam
2539 3759 2678 3825 pro-

498 3844 730 3923 deum,
790 3846 908 3911 sed
959 3849 1358 3934 plerumque
1406 3860 1488 3917 ut
1549 3856 1770 3937 pueri,
1799 3854 1918 3937 qui
1970 3851 2310 3916 orationes
2356 3844 2684 3925 memoriae

495 3950 856 4014 mandatas
888 3955 1042 4015 ante
1069 3951 1380 4035 magistri
1410 3955 1791 4021 cathedram
1808 3956 2115 4020 recitant.
2164 3951 2323 4015 Hoc
2350 3948 2675 4033 praecipue

498 4049 724 4116 locum
743 4053 946 4118 habet
966 4053 1039 4118 in
1061 4058 1350 4124 carmine
1375 4075 1530 4137 XV„
1550 4061 1712 4143 quia
1728 4059 1847 4125 illa
1866 4076 2049 4143 parS,
2068 4074 2219 4140 quae
2249 4050 2676 4124 narrationem.

497 4154 950 4238 expeditionis
978 4210 982 4214 <
1011 4159 1419 4241 continebat,
1480 4162 1627 4228 fato
1686 4159 2051 4227 intercidit.
2140 4157 2377 4223 Mirari
2427 4169 2674 4239 quoque

497 4254 629 4323 hoc
684 4261 935 4345 possis,
981 4260 1163 4346 quod
1201 4263 1274 4330 in
1310 4266 1602 4334 carmine
1657 4280 1884 4332 xxva
1912 4261 2326 4330 Claudianus
2382 4256 2547 4326 illud
2593 4254 2674 4322 ad
