2925 4928
850 437 931 485 ιΝ
983 439 1031 486 ι.
1082 436 1294 488 cous.
1341 434 1668 489 srrmcn.
1721 437 1866 490 mn.
1916 440 1966 490 1.
2380 427 2514 506 599

310 581 648 667 Religione
680 588 929 661 truceS,
962 591 1031 649 et
1055 585 1299 649 robora
1331 585 1648 651 Numinis
1677 586 1886 653 instar
2372 579 2504 653 230

306 686 640 752 Barbarici
667 692 915 752 nostroe
947 687 1184 753 feriant
1212 688 1485 771 impune
1514 688 1865 773 bipennes·

306 787 494 854 Ultro
524 787 691 872 quin
722 790 927 853 etiam
953 789 1193 854 devota
1220 795 1437 854 mente
1462 796 1754 869 tuentur,
1890 801 1894 805 ’

305 891 690 977 Victorique
717 893 966 958 favent.
994 931 1002 939 -
1056 891 1344 971 Quoties
1375 895 1634 958 sociare
1664 900 1978 960 catervas

301 992 551 1073 Oravit,
575 994 903 1079 jungique
931 993 1066 1060 tuis
1095 992 1498 1060 Alamannia
1527 996 1769 1080 signis!

306 1096 450 1163 Nec
480 1096 701 1161 doluit
728 1102 1067 1161 contemta
1095 1101 1343 1176 tamen,
1373 1102 1728 1181 spretoque
1755 1098 2033 1166 recessit
2376 1097 2508 1164 235

274 1197 577 1265 Auxilio
606 1198 885 1264 laudata
909 1199 1097 1264 fides.
1189 1198 1550 1267 Provincia
1576 1201 1831 1266 missos
2481 1195 2487 1201 ’

299 1299 604 1385 Expellet
634 1302 861 1381 citiuS,
892 1302 1103 1367 fallax
1132 1320 1332 1386 quam
1370 1302 1658 1368 Francia
1687 1302 1933 1386 Reges»,

296 1402 481 1482 Quos
511 1405 802 1471 dederiS.
896 1404 1066 1469 Acie
1092 1425 1214 1469 nec
1237 1404 1381 1489 jam
1411 1405 1681 1490 pulsare
1710 1406 1998 1472 rebelles

295 1506 423 1571 Sed
452 1506 694 1572 vinclis
723 1508 963 1591 punire
993 1508 1174 1573 licet.
1265 1508 1408 1573 Sub
1430 1507 1668 1593 judice
1696 1515 1926 1576 nostro

286 1690 502 1755 crudelia,
547 1691 776 1753 religione
808 1691 1023 1755 antiqua,
1060 1697 1107 1741 et
1155 1693 1457 1757 percutiant
1491 1707 1707 1756 quercus,
1743 1707 1860 1756 quae
1885 1690 2176 1741 erant-sieut
2199 1690 2290 1740 Die·
2317 1690 2503 1743 Barba·

272 1768 455 1803 rorum.
525 1756 775 1805 Praeterea
814 1762 1027 1820 spectant
1061 1773 1154 1807 nos
1185 1762 1367 1821 sponte,
1401 1760 1561 1807 animo
1597 1758 1803 1820 addicto,
1836 1761 1883 1806 et
1921 1757 2111 1806 student
2142 1757 2364 1805 domitori
2403 1772 2503 1808 sua.

291 1818 483 1874 Quoties
516 1821 802 1870 Alemannia
833 1823 1025 1883 rogavit
1067 1822 1351 1885 coniungere
1398 1829 1584 1873 turmas
1638 1837 1773 1884 suas,
1826 1827 1873 1871 et
1918 1820 2085 1871 ascisci
2131 1821 2320 1875 vexillis
2361 1818 2502 1874 tuis?

274 1884 451 1946 .Nee1ue
491 1891 651 1933 tamen
683 1891 841 1949 spreta
875 1887 1078 1948 gemuit,
1109 1892 1156 1936 et
1229 1889 1401 1937 delitus
1434 1889 1550 1951 ejus
1581 1887 1780 1949 probata
1813 1888 1957 1936 rediit
1989 1886 2211 1935 subsidiis
2251 1886 2361 1949 ejus
2392 1901 2502 1936 con·

284 1949 454 1999 temtis.
522 1949 779 2026 Provincia
799 1950 956 2010 eiiciet
974 1952 1135 2014 potius
1188 1967 1315 2002 asees
1331 1953 1396 2002 ad
1420 1967 1476 2001 se
1499 1952 1680 2014 rnissos,
1723 1967 1861 2015 quam
1885 1951 2091 2001 Francia
2116 1950 2295 2015 ejiciat
2325 1951 2502 2016 Reges,

285 2027 394 2075 quos
425 2015 704 2077 imposueris
743 2016 858 2077 ipsi.
929 2017 1094 2080 Neque
1131 2017 1241 2077 jam
1278 2016 1368 2077 sas
1416 2022 1486 2067 est
1519 2016 1804 2077 eomndere
1867 2015 2058 2065 rebelles
2090 2030 2209 2065 cum
2263 2017 2497 2081 exercitu,
2575 2045 2590 2054 ν

279 2079 361 2127 sed
377 2080 604 2130 mulctare
622 2081 819 2130 eatenis.
854 2080 954 2130 Sub
981 2082 1182 2131 Consule
1203 2088 1363 2132 nostro
1385 2082 1673 2132 Stilichone
1691 2096 1851 2132 career
1885 2082 2126 2130 Romam
2148 2079 2387 2130 eminae
2404 2096 2501 2134 εσσε

1188 2215 1359 2236 000000
1369 2216 1510 2237 “O‘'
1517 2216 1572 2236 CO

277 2313 429 2349 sacros
467 2301 593 2351 Vat.
615 2316 719 2350 sec.
774 2302 940 2350 robora
961 2302 1065 2352 duo
1089 2302 1233 2353 Med.
1286 2302 1429 2351 robur
1466 2304 1589 2353 Vat.
1616 2309 1740 2353 tert.
1766 2303 1882 2354 Pal.
1901 2303 2069 2353 Oisel.
2094 2302 2324 2352 Florent.
2349 2300 2499 2351 Med.

283 2379 357 2429 pr.
377 2366 570 2416 Thuan.
593 2367 788 2416 Mazar.
816 2367 990 2416 Oxou.
1009 2383 1093 2431 ρι·.
1135 2368 1280 2417 robur
1315 2368 1397 2416 vel
1429 2368 1598 2418 robora
1638 2370 1760 2419 Vat.
1804 2384 1885 2432 pr.
1934 2368 2141 2417 muner-is
2174 2367 2276 2416 inc.
2313 2366 2496 2417 Heium

278 2434 433 2482 -231
468 2438 643 2482 vestroe
686 2432 882 2482 Μαῖαν.
915 2431 1104 2493 feriant
1151 2433 1252 2483 duo
1300 2432 1446 2484 Med.
1487 2432 1683 2493 feriunt
1728 2435 1870 2485 Prie.
1917 2432 2079 2483 Oisel.
2112 2432 2227 2482 Pal.
2264 2432 2495 2483 Florent-

277 2494 473 2546 Thuan.
498 2498 648 2547 Med.
673 2512 752 2560 ρι·.
807 2512 988 2547 secures
1010 2499 1112 2559 inc.
1137 2499 1326 2548 Heius.
1363 2498 1466 2547 duo
1492 2500 1837 2549 Ambr.-232
1872 2499 2023 2548 deest
2046 2498 2130 2546 hic
2153 2512 2331 2546 versus
2350 2497 2495 2547 Rotr.

278 2566 435 2611 ——233
456 2562 632 2622 ferunt
654 2563 800 2612 Med.
826 2569 947 2612 tert.
988 2562 1163 2622 favens
1191 2561 1332 2611 Med.
1356 2577 1458 2611 sec.
1517 2579 1734 2613 resonare
1775 2563 1979 2612 catervis
2026 2563 2135 2611 Pal.
2166 2561 2308 2612 Med.
2333 2576 2413 2624 pr.
2439 2569 2495 2612 et

278 2639 382 2677 sec.
423 2642 492 2676 m.
532 2642 611 2692 pr.
666 2629 848 2677 saciare
887 2627 1171 2678 Pau—234
1205 2627 1491 2676 Alamannia
1532 2629 1651 2678 Vat.
1699 2643 1777 2692 pr.
1835 2627 2089 2676 Alamania
2121 2628 2249 2676 Exc.
2272 2627 2494 2677 Lucens.

277 2705 351 2752 pr.
407 2691 694 2742 Alemannia
716 2699 935 2757 quatuor
959 2694 1106 2742 Vatt.
1158 2692 1292 2740 silvia
1338 2692 1460 2741 Vat.
1500 2698 1624 2742 tert.
1661 2707 1730 2743 m.
1768 2696 2012 2756 ρι·.-235
2047 2691 2143 2740 Sed
2163 2691 2315 2741 doluit
2340 2690 2491 2768 Meq.

275 2762 765 2893 eram-3²2⁹&
768 2758 1007 2883 {ffl-
1002 2761 1424 2872 1²³³ri³0?'¹132'1''.⁸‹i¹u¹¹5
1429 2763 1562 2871 3423
1569 2756 2141 2883 Ῡῖἒιξίιξὲἲῗὶηιέᾞ.
2164 2758 2314 2870 ῧιέξῑ.
2322 2756 2495 2871 ιῗξὲἓῖ

277 2886 496 2948 Expellat
520 2887 732 2950 legebat
761 2887 945 2936 Heins.
980 2888 1029 2935 hi
1050 2887 1153 2935 duo
1172 2899 1350 2935 versus
1372 2901 1530 2936 manu
1556 2887 1753 2936 recenti
1777 2885 1990 2950 ascripti
2015 2892 2166 2935 erant
2187 2887 2240 2934 in
2260 2886 2385 2934 Vat.
2409 2900 2492 2948 pr.

274 2956 401 3000 certa
409 2951 577 3010 fallax
601 2953 814 3018 ,Βοιιοιι.
857 2951 1021 3012 fasces
1059 2951 1206 3001 Leia.
1231 2966 1310 3014 pr.
1335 2951 1438 3000 duo
1461 2953 1606 3002 Vatt.
1629 2952 1746 3001 Pal.
1782 2952 2014 3000 Florent.
2039 2950 2144 3001 duo
2168 2949 2349 2999 Medd.
2366 2949 2492 3001 Jun-

274 3029 351 3078 pr.
387 3017 509 3066 Vat.
534 3016 705 3065 Livin.
728 3017 830 3065 duo
854 3017 1027 3067 Oxou.
1053 3017 1205 3066 ambo
1229 3016 1423 3065 Moret.
1451 3015 1572 3064 Ald.
1598 3019 1725 3066 Exc.
1752 3019 1970 3066 Lucens.
1997 3031 2099 3066 sec.
2124 3015 2250 3064 Var.
2275 3016 2379 3065 LL.
2403 3014 2488 3067 ed.

273 3080 430 3131 AntV.
467 3081 637 3142 fallax
657 3082 778 3130 Vat.
797 3096 900 3130 sec.
922 3082 1070 3131 Med.
1096 3087 1219 3131 tert.
1244 3081 1368 3130 Put.
1394 3083 1526 3145 Reg.
1547 3081 1730 3131 Ambr.
1756 3097 1836 3145 ρι·.
1856 3081 2045 3131 Petav.
2063 3096 2166 3130 sec.
2184 3081 2286 3130 inc.
2305 3080 2489 3131 Heius.

272 3145 398 3196 Exc.
424 3147 581 3204 Laeti,
600 3146 685 3196 ed.
712 3148 883 3196 Parm.
905 3154 960 3196 et
981 3147 1153 3196 Vicet.
1198 3146 1358 3207 fasces
1381 3147 1461 3195 vel
1474 3146 1640 3207 fallax
1661 3148 1782 3197 Vat.
1809 3153 1984 3212 quart.
2007 3146 2195 3195 PetaV.
2220 3162 2297 3209 pr.
2333 3146 2489 3195 Fran-

253 3210 538 3261 &numen
559 3211 706 3261 Med.
730 3218 855 3261 tert.
892 3226 959 3260 m.
995 3215 1241 3274 ρι·.-238
1273 3212 1460 3262 dederis
1481 3212 1637 3273 feriat
1684 3211 1864 3261 Ambr.
1907 3226 2013 3261 sec.
2064 3211 2249 3260 dederit
2292 3211 2492 3260 Bonon-

272 3274 389 3326 Pa‘t.
412 3277 542 3327 Put.
574 3277 705 3340 Reg.
740 3276 843 3326 duo
866 3276 1053 3326 PetaV.
1087 3277 1291 3327 Tholos.
1334 3275 1518 3327 Ambr.
1555 3291 1632 3340 pr.
1678 3279 1811 3326 Exc.
1846 3277 2062 3325 Gevart.
2111 3275 2211 3324 acie
2255 3275 2487 3325 Florent.

272 3340 419 3390 Med.
442 3356 548 3391 sec.
602 3342 784 3390 dederit
805 3348 963 3391 servat
988 3341 1164 3391 Oxon.
1189 3353 1296 3390 sec.
1351 3341 1536 3390 dederit
1557 3346 1711 3390 servet
1732 3341 1904 3390 Oxon.
1929 3355 2010 3405 pr.
2060 3345 2214 3390 servat
2240 3338 2387 3388 Leia.
2415 3355 2493 3402 pr.

272 3410 376 3454 tres
410 3406 560 3456 Med.
605 3406 729 3456 Put.
752 3407 949 3456 Thnan.
976 3407 1177 3455 Βοιιοιι.
1200 3406 1320 3454 Pat.
1343 3406 1545 3456 Tholos.
1593 3407 1717 3455 [ον.
1750 3405 1873 3456 Jun.
1914 3420 1993 3469 pr.
2027 3406 2129 3454 inc.
2164 3405 2348 3454 Heius.
2385 3404 2489 3467 duo

268 3468 461 3521 Petav.
508 3477 616 3521 tres
640 3471 823 3520 Ambr.
849 3471 981 3520 Exc.
1006 3473 1225 3520 Lucens.
1250 3485 1326 3534 ρι·.
1349 3469 1433 3519 ed.
1459 3472 1637 3520 Parm.
1662 3478 1718 3519 et
1739 3471 1910 3519 Vicet.
1933 3470 2058 3518 Var.
2084 3471 2191 3518 LL.
2214 3469 2297 3517 ed.
2327 3467 2487 3520 Antv‘.

268 3542 420 3585 servet
460 3536 610 3586 Leid.
657 3550 760 3585 sec.
807 3536 940 3600 Reg.
985 3537 1179 3584 Μαῖαν.
1232 3539 1391 3584 servat
1432 3537 1515 3584 vel
1539 3540 1695 3584 servet
1724 3534 1909 3584 Petav.
1951 3549 2028 3597 pr.
2048 3539 2210 3583 servat
2231 3534 2312 3583 vel
2330 3533 2490 3593 feriat

271 3599 502 3652 Floreat.
552 3601 655 3651 acie
674 3617 760 3650 nec
777 3600 884 3661 jam
922 3602 1044 3649 Vat.
1070 3606 1196 3650 tert.
1222 3599 1386 3649 Oisel.
1406 3599 1527 3649 Vat.
1553 3600 1718 3650 Livin.
1773 3615 1867 3649 non
1891 3599 1997 3659 jam
2019 3599 2167 3649 Med.
2191 3614 2268 3663 pr.
2290 3600 2487 3649 Thunu-

270 3678 353 3714 nec
375 3665 523 3715 Leia.
549 3681 651 3716 sec.
676 3666 801 3717 Jun.
827 3680 905 3727 pr.
933 3665 1104 3715 Oxou.
1138 3679 1242 3714 sec.
1284 3667 1409 3714 Lov.
1433 3666 1584 3715 ambo
1620 3667 1816 3725 Moret.
1859 3666 1988 3715 Exc.
2022 3665 2241 3714 Gevart.
2295 3664 2486 3714 rebellis

272 3728 437 3781 Oisel.
463 3731 589 3781 Put.
623 3731 746 3780 Pat.
783 3731 969 3780 Petav.
1006 3745 1109 3780 sec.
1142 3730 1246 3779 dno
1281 3729 1626 3781 Ambr.—239
1664 3731 1768 3780 Nec
1810 3730 1960 3793 poenis
1990 3730 2112 3780 Vnt.
2159 3729 2321 3794 quint.
2376 3729 2487 3781 licet

269 3793 387 3846 Pnt.
409 3796 516 3848 duo
533 3795 719 3846 Ambr.
776 3796 892 3844 libet
911 3797 1034 3846 Vat.
1058 3810 1166 3845 sec.
1187 3795 1376 3846 Moret.
1392 3810 1497 3846 sec.
1552 3798 1683 3846 decet
1715 3797 1844 3860 Reg.
1868 3792 2046 3844 Ambr.
2071 3810 2150 3858 pr.
2201 3799 2351 3843 vestro
2368 3794 2486 3845 Flo·

1276 3940 1490 3990 No'rAE

331 4056 432 4103 280
471 4053 667 4120 Truces]
717 4054 889 4120 Sylvae
929 4059 1081 4105 erant
1103 4054 1338 4105 crudeles
1417 4054 1638 4104 Sanctus
1683 4051 1944 4102 Martinus
2000 4049 2055 4098 in
2093 4048 2269 4099 Gallia
2309 4047 2488 4101 fanum

262 4128 540 4194 religione,
577 4147 691 4197 quae
721 4132 944 4195 jubebat
979 4132 1210 4181 homiues
1246 4131 1338 4181 Di·
1419 4132 1596 4194 diruit,
1629 4136 1686 4181 et
1705 4129 1885 4194 ‘pinum
1907 4126 2031 4177 fano
2057 4127 2359 4190 proximam,
2379 4136 2488 4178 mob

270 4221 382 4256 auae
403 4207 677 4260 immolari.
1418 4207 1634 4272 nuitque
1655 4206 1780 4255 nihil
1797 4219 1912 4254 esse
1935 4205 2197 4268 religionis
2217 4205 2270 4253 iu
2284 4205 2488 4268 stipite.

339 4285 589 4351 Numinis]
621 4285 870 4351 ArboreS,
889 4293 950 4338 ut
972 4288 1181 4337 numina
1203 4300 1341 4351 quae-
1484 4287 1581 4333 234
1614 4282 1924 4346 Alamannia]
1987 4281 2208 4332 Accolas
2239 4279 2490 4334 -Danuhn

270 4357 391 4414 dam
439 4361 686 4414 colebant
743 4363 994 4416 Germani
1046 4363 1334 4430 Gallique:
1419 4361 1691 4428 Rhenique
1714 4358 1963 4426 intelligit
1979 4358 2311 4412 Claudianus·
