2925 4928
460 395 595 466 896
1194 408 1309 457 οι.
1355 407 1785 459 cunnum
1833 407 1966 460 xv.

552 558 648 626 At
669 560 992 645 juvenem
1018 557 1307 622 stimulis
1339 556 1735 620 immanibus
1767 556 2014 620 aemula
2043 556 2258 623 virtus
2648 630 2663 638 ,

464 664 753 729 Exacuit
772 664 969 748 :fjam
998 680 1227 745 puppe
1258 660 1431 736 vehi,
1470 660 1613 742 jam
1643 666 1883 740 stagna
1910 679 2139 742 secare¹
2548 662 2682 729 350

467 763 733 844 Fervet,
764 774 830 829 et
861 768 1172 846 absentes
1202 763 1512 827 invadere
1543 762 1825 847 cuspide
1856 763 2167 829 Mauros·

465 870 639 935 Tum
662 870 856 953 jubet
888 869 1093 932 acciri
1126 886 1459 945 socerum,
1495 866 1930 952 dextramque
1959 874 2204 931 vocato

466 971 793 1050 Conserit,
825 978 894 1043 et
924 992 1075 1054 quae
1107 973 1196 1036 sit
1224 972 1448 1054 potior
1477 970 1823 1046 sententia,
1871 972 2133 1053 quaerit.

463 1076 598 1140 Per
628 1095 903 1140 somnos
932 1075 1117 1155 mihi,
1163 1082 1392 1139 sancte
1422 1079 1637 1159 pater,
1674 1073 1819 1156 jam
1851 1094 2036 1158 saepe
2061 1073 2287 1139 futura

463 1177 881 1257 Panduntnr,
911 1179 1274 1261 multaeque
1306 1184 1562 1241 canunt
1588 1178 1921 1260 praesagia
1947 1182 2203 1242 noctes·
2539 1174 2676 1254 355

465 1281 778 1366 Namque
806 1283 1041 1365 procul
1071 1282 1332 1365 Libyco
1355 1285 1602 1343 venatu
1633 1281 1896 1363 cingere
1925 1281 2159 1359 saltus,

464 1384 552 1448 Et
570 1385 734 1469 juga
764 1385 988 1450 rimari
1018 1386 1300 1450 canibus
1331 1383 1603 1448 Gaetula
1635 1384 1935 1449 videbar.

463 1485 801 1553 Moerebat
826 1490 1006 1571 regio
1036 1490 1202 1553 saevi
1231 1493 1499 1553 vastata
1528 1487 1773 1552 Leonis

465 1588 794 1658 Incursu:
840 1592 1177 1676 pecudum
1200 1597 1478 1675 strageS,
1527 1593 1919 1677 passimque
1943 1593 2216 1678 juvenci

454 1776 874 1841 appropinquantis
908 1776 1118 1827 evanuit.
1201 1776 1296 1827 Sed
1328 1776 1571 1837 fortitudo
1613 1777 1858 1826 imitatrix
1900 1777 2081 1825 excitat
2108 1775 2330 1837 juvenem
2376 1774 2674 1827 Honorium

457 1844 662 1892 stimulis
700 1843 999 1904 ingentibus:
1019 1843 1125 1903 jam
1164 1843 1252 1891 ille
1292 1846 1427 1891 ardet
1460 1842 1594 1903 ferri
1633 1843 1842 1902 uatibus,
1867 1843 1973 1903 jam
1992 1842 2182 1907 findere
2204 1856 2366 1904 aquae,
2396 1845 2445 1890 et
2465 1843 2675 1904 aggredi

454 1909 616 1970 gladio
641 1909 837 1957 Mauros
859 1913 1079 1958 remotos.
1152 1908 1269 1956 Tum
1307 1908 1512 1970 imperat
1547 1908 1763 1957 adt-ocari
1796 1923 2002 1956 socerum
2038 1906 2394 1968 Stilichonem,
2427 1910 2475 1955 et
2496 1908 2676 1969 ,iungit

455 1976 676 2023 dextram
717 1990 831 2023 cum
865 1988 928 2023 eo
973 1975 1143 2034 accito,
1179 1989 1235 2022 ac
1268 1974 1393 2036 petit
1438 1975 1561 2036 quod
1589 1974 1831 2021 consiliam
1861 1973 2136 2022 sitmelius.
2217 1973 2315 2021 Res
2341 1974 2675 2034 venturoejam

454 2033 732 2102 aperiuntur
763 2038 881 2087 mihi
897 2054 984 2102 per
1004 2038 1202 2098 somnia,
1224 2055 1250 2086 ο
1275 2038 1416 2087 Socer
1447 2041 1723 2098 venerande,
1748 2045 1792 2087 et
1818 2043 1974 2086 noctes
1992 2040 2150 2101 plures
2171 2043 2364 2087 cautant
2398 2038 2517 2086 mihi
2537 2042 2674 2087 certa

452 2104 708 2166 proesagia.
776 2104 971 2152 Etenim
1001 2104 1121 2152 mihi
1157 2103 1351 2152 videbar
1386 2104 1675 2154 circumdare
1713 2104 1762 2151 in
1786 2105 2030 2152 venatione
2061 2105 2216 2167 syleas
2227 2103 2431 2168 Libycas
2449 2104 2607 2166 louge,
2623 2109 2676 2153 et

455 2168 693 2229 vestigare
714 2184 828 2217 cum
851 2168 1045 2218 canibus
1066 2173 1242 2217 montes
1267 2169 1515 2217 Goetuliae:
1552 2174 1733 2217 tractus
1766 2168 1853 2217 ine
1888 2168 2126 2232 squalebat
2160 2171 2461 2232 depopulatus
2499 2183 2674 2217 excur-

453 2232 657 2282 sionibus
678 2234 824 2283 leonis
843 2235 1074 2284 crudelis.-
1107 2235 1258 2283 eoedes
1283 2249 1503 2298 pecorum
1527 2235 1875 2284 cernebantur
1897 2240 1944 2283 et
1966 2235 2095 2283 tauri
2115 2235 2410 2284 semianimes
2444 2235 2674 2300 undique,
2702 2243 2709 2248 ·

1381 2394 1589 2413 'OOOUOOO
1597 2394 1739 2413 ‘0090

449 2497 616 2548 divino
636 2500 755 2548 vat.
774 2513 878 2549 sec.
923 2499 1114 2549 recessit
1136 2499 1279 2549 Med.
1304 2505 1475 2562 qiuart.
1495 2498 1783 2549 Pan—350
1818 2501 1987 2564 quippe
2011 2501 2134 2551 Lov.
2158 2515 2224 2548 m.
2249 2503 2487 2563 pru—351
2509 2498 2671 2551 Ardet

454 2563 744 2614 Pae—352
784 2566 912 2614 Tunc
932 2567 1053 2615 Vat.
1074 2565 1241 2630 quint.
1309 2566 1429 2613 Tum
1464 2565 1608 2613 Leid.
1632 2580 1712 2628 pr.
1735 2572 1790 2614 et
1812 2575 2007 2628 septem
2029 2566 2136 2626 alii,
2159 2567 2283 2615 item
2311 2566 2436 2614 Exc.
2460 2567 2669 2618 Ruben-

452 2631 580 2679 talet
623 2630 852 2679 Florent.
897 2646 965 2679 m.
1005 2646 1086 2695 pr,
1153 2646 1209 2679 ac
1226 2631 1343 2678 sciri
1364 2631 1675 2679 Pric.——253
1731 2633 1896 2680 melior
1918 2632 2033 2681 Pal.
2052 2631 2196 2679 Med.
2221 2645 2296 2694 pr.
2323 2630 2508 2680 Petav.
2537 2638 2667 2682 tert.

449 2694 605 2744 ‘ambo
630 2697 824 2745 Moret.
848 2711 979 2745 unus
1004 2696 1348 2746 Heium-354
1381 2711 1489 2745 care
1506 2701 1646 2759 pater
1667 2696 1785 2745 Pal.
1815 2696 1957 2745 Med.
1990 2711 2068 2759 pr.
2091 2711 2221 2745 unus
2254 2695 2439 2744 Heius,
2489 2712 2669 2759 parens

450 2758 634 2811 Ambr.
655 2777 759 2812 sec.
797 2762 899 2811 inc.
926 2762 1107 2812 Heius.
1131 2762 1218 2826 qui
1255 2763 1569 2825 ascripserat
1604 2775 1746 2825 seqq.
1784 2765 1945 2810 modus
1962 2763 2177 2824 loquendi
2196 2762 2429 2809 imitatus,-
2451 2761 2666 2825 Vopisc.

452 2825 550 2875 sub
592 2826 749 2876 finem
778 2828 947 2876 Taciti
986 2842 1104 2891 pag.
1127 2830 1241 2876 233.
1272 2829 1287 2854 ‘
1314 2827 1563 2875 Claudius
1598 2827 1925 2889 Capellianus
1962 2827 2148 2875 Cereio
2175 2827 2409 2875 Metiano
2432 2827 2484 2875 S.
2512 2826 2668 2877 Obti-

449 2890 673 2951 nuimus,
695 2900 845 2956 pater
866 2900 1064 2955 sancte,
1087 2892 1224 2956 quod
1259 2907 1465 2955 semper
1487 2892 1808 2954 optavimus!
1841 2899 1894 2940 et
1920 2892 2109 2940 ibidem
2132 2907 2144 2940 ε
2184 2894 2199 2919 ‘
2225 2889 2502 2954 AntroniO,
2517 2891 2664 2955 justo

452 2956 608 3019 patri,
626 2955 908 3006 Autronius
930 2958 1230 3007 Tiberianus
1247 2959 1478 3007 SsNunc
1503 2964 1574 3018 te,
1598 2964 1749 3020 pater
1771 2963 1969 3018 sancte,
1990 2956 2242 3006 interesse
2261 2955 2437 3006 decuit
2461 2958 2664 3008 senatui

451 3022 799 3084 amplissim0.’
861 3024 934 3072 sic
978 3024 1158 3072 Socim
1201 3024 1611 3083 SANC'rtssrmus,
1665 3028 1812 3070 vetus
1868 3023 2143 3086 Inscriptio
2202 3021 2337 3085 apud
2379 3022 2662 3074 Castalion.

443 3101 505 3149 p.
528 3090 606 3136 79.
626 3087 676 3135 in
703 3088 968 3138 Rutilium.
1002 3094 1098 3138 tam
1120 3103 1242 3151 soepe
1265 3089 1508 3137 Var.-LL.
1530 3089 1611 3136 ed.
1636 3087 1794 3136 Antv.
1814 3103 2020 3151 persoepe
2046 3089 2233 3136 Movet.
2255 3092 2521 3137 sem—355
2545 3091 2664 3138 mul-

450 3156 615 3215 tasque
635 3154 755 3202 Vat.
781 3168 859 3215 pr.
880 3169 944 3203 m.
973 3169 1047 3216 pr.
1071 3154 1211 3203 Prie.
1235 3169 1300 3202 m.
1321 3157 1591 3203 sem—356
1613 3154 1815 3216 Jamque
1828 3155 1987 3216 procul
2010 3153 2110 3202 duo
2125 3155 2270 3202 Vatt.
2293 3154 2395 3203 Ms.
2420 3154 2659 3205 Pulman.

451 3222 508 3265 et
530 3217 711 3267 Barth.
745 3220 904 3266 videor
925 3219 991 3267 mi
1017 3221 1193 3268 Petav.
1216 3220 1531 3268 sec.Thuau.
1552 3218 1640 3283 qui
1664 3226 1832 3267 tamen
1858 3226 1913 3267 et
1949 3226 2118 3267 venatu
2146 3218 2370 3267 exhibet.
2410 3221 2539 3268 visus
2566 3221 2661 3268 dis·

447 3281 663 3344 tringere
700 3284 899 3333 Mazar.
931 3286 1059 3333 Exc.
1100 3284 1226 3334 Cod.
1267 3285 1448 3334 Rheni.
1488 3284 1675 3345 Isingr.
1710 3289 1881 3333 venatu
1902 3286 2087 3345 cingere
2110 3285 2193 3333 vel
2225 3285 2350 3332 visus
2370 3284 2662 3347 distringere

450 3348 570 3397 Vat.
613 3363 688 3411 pr.
728 3349 868 3398 Prie.
903 3349 1066 3399 Oisel.
1103 3351 1332 3398 Florem.
1372 3365 1437 3398 m.
1474 3364 1551 3412 pr.
1581 3349 1867 3399 Put.--35s
1899 3349 2131 3398 Moerebat
2152 3350 2237 3397 vel
2270 3349 2509 3399 Moerebar
2532 3351 2659 3400 Exc.

447 3411 763 3464 Laeti—359
804 3416 1003 3464 Incursu
1038 3421 1085 3464 et
1121 3416 1348 3480 pecudum
1385 3415 1578 3464 Tbuan.
1611 3416 1903 3479 sparsimque
1936 3415 2074 3464 idem
2102 3416 2297 3467 Thuan.
2342 3429 2438 3480 pro
2464 3414 2660 3475 juvenci

1436 3580 1660 3632 NOTAE

509 3698 607 3746 349
651 3696 873 3747 Stimulis
909 3697 1210 3762 immanibus]
1275 3696 1510 3759 Ingenti·
1592 3701 1760 3746 vertat
1784 3710 2103 3757 mucronem,
2127 3694 2340 3759 autjam
2366 3708 2421 3743 se
2441 3709 2657 3745 couver-

440 3769 558 3835 bus,
590 3774 759 3836 saevis,
792 3775 856 3825 ad
890 3775 1088 3825 caedem
1123 3781 1179 3824 et
1207 3774 1508 3838 sanguinem
1588 3781 1702 3823 tere
1723 3781 1892 3838 putet.
1948 3775 1964 3802 ⁴
1989 3774 2150 3822 Saevit
2169 3772 2220 3821 in
2242 3770 2504 3821 absentes'
2540 3773 2656 3822 Vir-

440 3847 848 3912 impellentibus·
1587 3852 1739 3914 gilius
1777 3851 1843 3900 de
1882 3853 2004 3913 lupo
2044 3849 2253 3900 furente
2290 3850 2343 3899 iu
2381 3865 2542 3915 agnos
2578 3851 2654 3901 in·

506 3927 722 3991 AEmula]
756 3929 953 3989 VirtuS,
971 3943 1061 3978 seu
1079 3927 1331 3979 fortitudo
1350 3946 1506 3979 aemu-
1586 3932 1772 3991 ciusoS,
1796 3937 1851 3978 et
1874 3944 2019 3978 muro
2040 3935 2281 3978 remotos.

437 4003 510 4065 la,
527 4010 692 4069 ,atque
717 4007 968 4059 imitatrix
987 4007 1193 4058 virtutis
1215 4009 1506 4072 Theodosii,
1651 4013 1747 4059 354
1800 4008 1997 4071 Sancte]
2066 4009 2307 4068 ,Sanctus
2365 4015 2451 4058 est
2501 4022 2653 4057 vene·

437 4076 723 4130 inflammat
746 4083 1054 4134 Honorium.
1586 4088 1798 4150 raudus,
1865 4102 2014 4152 quem
2072 4087 2163 4150 qui
2222 4086 2384 4135 violat
2439 4084 2650 4148 capitali

507 4159 602 4206 351
668 4159 950 4223 Absarus}
1017 4161 1282 4211 Honorius
1352 4168 1502 4212 tanto
1540 4217 1547 4223 .
1586 4165 1844 4230 supplicio
1874 4164 2047 4228 puniri
2088 4163 2263 4216 debet.
2328 4161 2648 4216 justinianus

436 4233 630 4284 Martis
652 4243 808 4286 oestro
829 4236 1063 4301 percitus
1086 4243 1185 4299 est,
1207 4243 1266 4288 ut
1289 4237 1340 4287 in
1354 4239 1502 4287 Mau-
1583 4242 1647 4295 de
1670 4256 1842 4294 rerum
1865 4241 2011 4291 divis.
2032 4242 2074 4304 ξ.
2098 4244 2178 4291 10.

436 4312 545 4373 ¹³08,
574 4309 700 4362 licet
737 4311 981 4364 absentes
1004 4327 1064 4363 ac
1104 4320 1351 4378 remotos„
1378 4329 1503 4366 con·
