2925 4928
959 430 1039 478 IN
1092 427 1444 480 RUFINUM
1496 429 1646 476 mn.
1691 429 1774 479 11.
2341 402 2471 475 171

265 575 423 642 Non
454 596 762 642 sermone
791 576 951 655 viae,
972 582 1102 640 non
1124 578 1293 640 inter
1324 575 1567 660 pocula
1598 575 1861 657 rumpi?

263 681 576 764 AEqualis
608 685 861 744 tantam
892 682 1112 744 tenuit
1145 680 1529 744 constantia
1560 680 1862 742 turbam:

261 785 347 849 Et
375 785 507 848 fuit
538 805 854 848 arcanum
881 785 1167 867 populo.
1258 784 1669 847 Pei-curritur
1701 781 1994 860 HebruS‚
2339 779 2470 844 290

262 888 612 952 Deseritur
636 887 996 971 Rhodope,
1026 866 1493 969 Thracumciue
1524 906 1646 970 per
1676 885 1891 948 ardua
1914 884 2211 961 tendunt,

259 991 495 1056 Donec
527 991 617 1054 ad
654 990 979 1055 Herculei
1008 997 1396 1074 perventum
1425 990 1713 1053 nominis
1742 989 1996 1052 urbem.

341 1093 441 1158 Ut
475 1095 773 1158 cessisse
808 1093 1068 1171 ducem,
1101 1094 1380 1177 propius
1414 1091 1683 1156 venisse
1708 1091 2050 1168 cohortes,

263 1195 557 1279 Cognita
590 1197 877 1262 Rufino:
923 1218 1163 1280 magna
1193 1198 1450 1261 cervice
1483 1196 1865 1278 triumphat,
1941 1250 1951 1258 .

264 1300 506 1365 Omnia
535 1307 918 1376 tuta5ratus,
950 1308 1428 1385 sceptrumque
1460 1319 1825 1384 capessere
1856 1297 2088 1376 servet,
2340 1297 2472 1363 295

259 1405 345 1469 Et
375 1405 770 1488 conjuratos
804 1406 1114 1470 accendit
1143 1425 1312 1471 voce
1343 1406 1656 1470 clientes:

258 1507 595 1587 VicimuS,
628 1511 1034 1592 expulimus
1128 1510 1384 1574 Facilis
1408 1509 1557 1593 jam
1582 1510 1783 1592 copia
1811 1507 2013 1589 regni.

262 1611 514 1693 Nullus
549 1615 636 1677 ab
668 1614 860 1679 hoste
891 1617 1117 1681 timor:
1163 1614 1324 1699 quid
1353 1610 1528 1678 enim
1550 1616 1581 1678 't
1630 1632 1828 1697 quem
1858 1630 2133 1694 poscere
2166 1608 2385 1673 solum

255 1779 460 1841 itineris,
482 1797 579 1831 nou
598 1783 727 1832 inter
757 1781 1046 1833 bibendum?
1105 1780 1388 1832 constantia
1428 1785 1587 1831 eadem
1623 1786 1695 1829 tot
1732 1779 1928 1843 replerit
1964 1774 2208 1826 cateruas!
2275 1776 2342 1824 Et
2374 1776 2472 1825 hoc

258 1848 485 1894 occultum
527 1848 655 1910 plebi
697 1849 882 1907 extitit.
959 1849 1147 1897 Hebrus
1187 1857 1496 1912 peragratur,
1557 1848 1772 1908 Rhodope
1816 1844 2120 1905 relinquitur,
2154 1847 2203 1890 et
2240 1846 2349 1889 eunt
2387 1856 2475 1903 per

255 1912 372 1960 altos
401 1916 585 1960 montes
613 1914 849 1974 Thracia»,
880 1916 1023 1963 donec
1049 1915 1326 1977 perveniant
1374 1915 1435 1962 ad
1478 1912 1698 1975 oppidum
1721 1912 1912 1958 dictum
1936 1907 2208 1956 aeramine
2234 1906 2475 1954 Herculis.

261 1977 519 2040 Postquam
559 1984 720 2027 notum
759 1986 842 2028 est
878 1980 1054 2042 Rufino
1097 1982 1333 2027 ductorem
1353 1979 1690 2027 Stilichonem
1736 1975 2004 2029 recentum
2040 1981 2092 2021 et
2110 1977 2323 2020 catervas
2356 1984 2474 2018 suas

255 2043 497 2090 advenisse
516 2045 744 2106 propius.-
777 2045 986 2107 superbit
1030 2045 1151 2095 elato
1195 2047 1368 2108 capite,
1407 2047 1604 2092 credens
1624 2046 1790 2090 cuncta
1813 2054 1923 2089 esse
1946 2054 2125 2097 secura,
2169 2041 2308 2099 atque
2339 2037 2475 2084 ardet

258 2122 481 2170 usurpare
502 2114 757 2171 sceptrum,
780 2109 1130 2173 inflammatque
1167 2108 1375 2158 sermone
1399 2109 1592 2158 clientes
1618 2108 1755 2155 simul
1787 2106 2134 2167 conspirantem
2167 2103 2242 2150 sic
2274 2101 2475 2162 diceuS,

260 2171 616 2238 superavimus,
633 2174 853 2234 eiecimus
874 2176 1080 2224 hostes:
1105 2175 1211 2235 jam
1228 2179 1440 2238 potestas
1456 2173 1645 2237 imperii
1655 2171 1825 2232 facilis
1848 2177 1928 2219 est
1951 2169 2106 2218 mihi:
2141 2168 2291 2217 nullus
2327 2171 2475 2216 metus

1190 2302 1421 2321 “O“OOC
1432 2301 1547 2321 ‘060

258 2381 444 2463 Barth²
485 2389 687 2455 colorem
712 2389 916 2439 Bonon.
967 2392 1171 2440 dolorem
1195 2390 1342 2439 Med.
1381 2395 1556 2454 quart.
1595 2387 1781 2438 incert.
1822 2386 2169 2443 Heins.—288
2205 2384 2307 2431 Nec
2344 2381 2473 2431 Lov.

259 2450 440 2501 Ambr.
467 2469 550 2517 pr.
599 2455 778 2519 rumpit
802 2457 1100 2520 Reg.-—289
1133 2462 1341 2505 turmam
1363 2455 1503 2505 Prie.
1558 2460 1760 2504 mentem
1781 2455 1917 2520 Vat.⁶
1934 2458 2055 2502 tert.
2078 2467 2107 2499 a
2130 2466 2197 2499 m.
2220 2463 2299 2512 pr.
2335 2445 2472 2522 unde

260 2516 508 2567 Heinsius
527 2521 844 2583 conjiciebat
861 2527 1236 2583 gentem—290
1272 2521 1472 2571 Hoemus
1495 2520 1639 2569 Med.
1666 2536 1769 2569 sec.
1796 2522 1923 2568 Exc.
1947 2520 2163 2567 Lucens.
2184 2529 2289 2562 sec.
2311 2518 2364 2560 et
2399 2527 2473 2560 sic

258 2583 386 2647 legit
408 2584 695 2650 Heinsius..
729 2588 899 2635 AEmus
920 2595 1025 2636 vet.
1053 2588 1184 2652 Gyr.
1235 2588 1418 2636 Hemus
1452 2588 1537 2635 vel
1580 2586 1771 2634 Hebrus
1794 2586 1916 2634 Vat.
1938 2584 2227 2631 tem—292
2258 2576 2477 2640 pervenit

261 2645 441 2698 Ambr.
469 2665 576 2699 sec.
625 2647 897 2713 pert-'cutum
920 2658 989 2702 est
1011 2654 1134 2702 Vat.
1161 2660 1279 2701 tert.
1303 2653 1534 2702 Florent.
1562 2653 1677 2700 Pat.
1715 2651 1915 2698 Thuan.
1951 2650 2096 2696 Rott.
2123 2644 2265 2694 Med.
2301 2656 2476 2690 sec.—

259 2716 351 2762 293
384 2715 582 2778 propias
599 2717 754 2765 Farn.
808 2713 1041 2766 cohortem
1065 2717 1245 2768 Ambr.
1269 2722 1558 2767 terh—294
1592 2721 1666 2763 ter
1686 2731 1792 2763 voce
1816 2713 1960 2763 Med.
1980 2718 2149 2777 quart.
2189 2710 2367 2757 virtute
2390 2707 2473 2771 vel

258 2780 428 2828 cervice
452 2780 600 2829 Med'.
641 2781 910 2831 sem—295
969 2784 1098 2832 intus
1141 2799 1233 2847 pro
1278 2788 1413 2831 ratus
1452 2781 1537 2832 ed.
1563 2781 1897 2829 vicen—296
1931 2778 2140 2826 accendit
2186 2775 2356 2823 Oxon.
2394 2785 2475 2834 pr.

262 2846 466 2914 ostevtffit
489 2845 744 2904 Vatisec.
772 2846 938 2896 Oisel.
962 2849 1170 2897 Tholos.
1193 2849 1390 2897 Mazar.
1417 2849 1603 2896 Petav.
1626 2860 1730 2895 sec.
1772 2845 1923 2893 ambo
1958 2844 2150 2891 Moret.
2192 2841 2321 2888 Exc.
2340 2837 2472 2886 pat.

262 2922 367 2958 rec.
424 2910 613 2982 affatur
638 2911 769 2961 Pal:
797 2913 942 2962 Med.
986 2928 1063 2975 pr.
1096 2929 1223 2978 unus
1266 2911 1451 2962 Heins.
1498 2913 1721 2961 hortatur
1744 2918 1965 2973 quatuor
1990 2907 2114 2956 Vat.
2139 2907 2290 2955 Farn.
2331 2902 2475 2951 Prie.

261 2973 402 3024 Rott.
452 2978 664 3046 osteudt't
698 2977 782 3025 vel
822 2978 1040 3027 hortatur
1081 2979 1207 3027 LoV.
1258 2979 1479 3027 hortatur
1512 2977 1594 3026 vel
1634 2976 1846 3025 accendit
1871 2977 1993 3023 Vat.
2034 2988 2115 3035 pr.
2153 2972 2326 3019 Oxon.
2366 2982 2475 3038 seq.

260 3042 462 3106 ostendit
478 3043 562 3102 yel
585 3044 796 3112 accendit
827 3044 953 3106 Reg.
987 3044 1252 3104 conjuratas
1268 3045 1476 3093 cohortes
1499 3043 1600 3102 duo
1619 3041 1765 3091 Med.
1788 3042 1989 3090 Bonon.
2014 3037 2192 3087 Ambr.
2236 3050 2315 3098 pr.
2346 3034 2475 3092 Vat-

261 3104 363 3154 LL.
389 3104 489 3154 eds
502 3106 681 3156 Autv.'
720 3108 993 3167 conjuratas
1013 3110 1224 3158 cohortes
1252 3110 1337 3157 vel
1359 3109 1626 3168 conjuratos
1638 3108 1831 3156 clientes
1850 3105 1997 3154 Med.
2040 3118 2144 3152 sec.
2184 3102 2308 3150 Put.
2349 3100 2474 3147 Lov.

265 3174 424 3219 -298
458 3172 576 3234 quid
606 3171 744 3221 'euim
768 3174 941 3222 'Oiseh
1032 3174 1279 3223 Heinsius
1319 3175 1553 3237 conjicit,
1596 3173 1709 3237 quid
1747 3168 1911 3221 euim?
1984 3170 2065 3232 qui
2107 3168 2292 3216 vincere
2329 3165 2480 3212 solum

263 3235 495 3300 Horruit,
531 3237 657 3286 huuc
695 3243 826 3287 tanto
862 3240 1096 3289 munitum
1129 3240 1282 3289 milite
1310 3235 1515 3289 cinca?
1566 3240 1750 3288 vincere
1789 3237 2018 3302 quinque
2042 3235 2165 3283 Vat.
2184 3233 2299 3282 Pal.
2320 3230 2475 3284 Fam.

265 3498 341 3541 ter
363 3494 656 3557 pocula‚-et
679 3510 709 3543 a
732 3496 1060 3548 multitudine
1081 3512 1197 3563 quae
1234 3511 1330 3546 sae-
1409 3496 1601 3545 AEneas
1656 3491 1845 3556 pelago
1891 3493 2009 3537 tuus
2066 3484 2235 3534 omnia
2282 3475 2475 3532 circum

265 3569 372 3631 pius
397 3572 572 3621 nescit
595 3572 940 3623 dissimulare.
1409 3574 1615 3622 Littera
1630 3572 1862 3635 jactetur
1885 3567 2015 3616 odiis
2027 3565 2246 3616 Junonis
2268 3562 2475 3627 iniquae,

325 3651 420 3696 290
489 3648 707 3711 Hebrus]
806 3652 1017 3702 Fluvius
1075 3651 1328 3701 Thraciae.
1416 3649 1554 3698 Nota
1578 3647 1706 3708 tibi;
1740 3651 1797 3694 et
1818 3640 2029 3703 n·ostro,'
2050 3645 2150 3689 ὅτε.

269 3719 505 3786 3]ωᾶφῆ
524 3738 673 3772 mons
697 3726 929 3788 ejusdem
948 3728 1200 3778 Thraciae.
1476 3729 1571 3775 295
1633 3722 1808 3772 Omnia
1845 3718 1976 3782 tuta]
2039 3717 2304 3767 Adulatur
2334 3715 2476 3767 Stili-
2503 3745 2510 3750 ·

326 3803 421 3850 292
457 3801 692 3849 Herculei
710 3803 911 3851 nominis
929 3804 1116 3867 urbem]
1160 3804 1330 3853 Hera·
1410 3803 1579 3868 chorii,
1601 3816 1701 3867 quo
1737 3805 1957 3861 remoto,
1977 3797 2148 3847 omnia
2180 3796 2478 3872 pessumda-

273 3875 446 3940 cleam,
465 3878 655 3927 urbem
676 3880 935 3942 Thraciae,
977 3880 1057 3929 vel
1080 3881 1329 3930 Constan-
1411 3882 1521 3931 bat.
1629 3937 1639 3946 ‚

274 3952 555 4018 tiuopolim,
572 3970 725 4019 quam
754 3956 1008 4005 Hercules
1031 3957 1232 4005 comitis
1251 3956 1331 4005 sui
1477 3960 1575 4005 296
1612 3954 1841 4016 Clientes]
1875 3952 2132 4001 Barbaros
2157 3950 2368 3999 accitos.

274 4028 512 4093 Byzantis
545 4031 808 4080 memoriae
831 4032 1095 4081 dedicasse
1123 4032 1332 4080 dicitur.
1476 4037 1573 4082 298
1643 4031 1773 4086 Quid
1838 4029 1985 4091 enim]
2080 4028 2170 4077 Sic
2225 4026 2477 4091 gloriatur

331 4112 424 4158 293
484 4109 734 4172 Cohortes]
799 4110 1169 4173 Barbium-um,
1203 4124 1331 4175 quos
1413 4110 1645 4160 RufinuS.
1693 4107 1779 4157 An
1801 4106 2037 4167 Stilicho,
2060 4105 2147 4168 qui
2182 4119 2285 4172 non
2321 4117 2473 4152 ausus

278 4182 484 4233 Rufinus
508 4185 793 4236 acciverat.
1414 4194 1499 4239 est
1532 4186 1748 4251 aggredi
1785 4198 1868 4233 me
1908 4183 2071 4231 solum
2112 4188 2170 4230 et
2209 4182 2477 4244 inermem,

316 4263 434 4344 ,294
471 4260 708 4324 Cognita]
762 4261 978 4312 Scilicet
1002 4268 1123 4312 sunt
1145 4277 1209 4311 ea
1229 4276 1335 4312 om·
1412 4263 1670 4316 sustinere
1696 4259 1890 4327 poterit
1912 4272 2003 4311 nos
2027 4258 2289 4310 armatos?

284 4346 364 4385 nia
409 4337 634 4401 cognita.
701 4337 977 4403 Virgilius:
1010 4340 1025 4368 ‘
1049 4342 1236 4391 Frater
1275 4346 1336 4390 ut
