2925 4928
462 390 605 457 wa
1184 436 1189 443 .
1268 399 1386 449 cn.
1429 395 1858 448 anumAm
1908 395 1984 448 v.

472 545 831 614 Immineat
854 546 1085 629 lapsu:
1128 542 1398 609 volucer
1426 546 1493 607 te
1519 544 1837 625 torqueat
1863 539 2042 607 axis.

470 651 576 716 Te
606 649 818 733 refugi
846 649 1086 714 fallant
1112 647 1367 727 latices,
1396 651 1599 730 utque
1634 663 1750 710 ore
1776 645 2036 710 natanti

470 750 758 818 Arescat
785 750 1062 834 decepta
1089 748 1279 830 sitis;
1323 747 1745 833 dapibusque
1772 746 2028 812 relictis

472 854 561 921 In
590 861 708 920 tua
731 871 1077 918 mansurus
1107 852 1340 934 migret
1367 850 1741 935 praeeordia
1767 850 2013 915 vultur.
2329 911 2334 915 .

472 956 885 1041 Quanquam
915 975 1144 1021 omnes
1171 955 1311 1032 alii,
1342 973 1512 1037 quos
1535 952 1688 1018 haee
1715 957 2050 1018 tormenta
2076 952 2382 1037 fatigant,

473 1058 647 1124 Pars
675 1065 882 1144 quota
910 1066 1089 1136 sunt,
1122 1056 1390 1135 Rufine,
1421 1057 1553 1122 tui!
1598 1056 1759 1139 quid
1790 1057 1925 1122 tale
1954 1058 2062 1123 vel
2094 1058 2320 1124 audax

478 1161 785 1228 Fulmine
817 1163 1230 1240 Salmoneus,
1261 1162 1370 1227 vel
1397 1161 1633 1245 lingua
1657 1160 1985 1227 Tantalus
2014 1162 2171 1243 egit,

2517 744 2692 849 2510

2158 794 2284 860 δ’·

472 1397 524 1443 te
543 1395 727 1443 volvat.-
763 1409 897 1456 aquoe
906 1393 1110 1456 fugaces
1131 1394 1366 1457 decipiant
1387 1400 1452 1455 te,
1478 1399 1525 1444 et
1545 1394 1655 1443 sitis
1674 1394 1814 1444 illusa
1831 1394 2051 1444 sicceseat
2071 1409 2151 1445 ore
2174 1402 2263 1445 tuo
2286 1390 2500 1457 manle,
2533 1398 2682 1457 atque

472 1460 622 1522 epulis
640 1461 858 1518 desertis,
879 1462 1038 1508 παίω·
1056 1465 1261 1509 <eternus
1279 1461 1450 1508 involet
1472 1461 1524 1509 in
1545 1462 1722 1509 viscera
1739 1465 1846 1511 tua.
1915 1461 2029 1510 Etsi
2051 1468 2226 1510 tamen
2250 1460 2338 1509 alii
2359 1471 2538 1522 omnes,
2557 1475 2680 1524 quos

466 1523 556 1571 illa
574 1524 802 1588 supplicia
824 1529 1059 1588 torquent,
1081 1526 1314 1587 particula
1336 1527 1735 1588 quantulacunque
1756 1527 1829 1574 tui
1849 1533 1978 1589 sunt,
2009 1541 2040 1574 o
2063 1523 2275 1591 Rtfiae?
2311 1526 2440 1582 Quid
2458 1530 2542 1574 aut
2567 1525 2682 1573 Sal-

472 1603 661 1639 moneas
668 1589 878 1649 fulmine
896 1591 1161 1654 superbiens
1175 1591 1333 1640 simile
1343 1587 1508 1653 fecit?
1542 1590 1681 1644 Quid
1703 1591 1893 1656 simile,
1911 1596 1994 1642 aut
2008 1593 2296 1655 garrulitate
2324 1591 2553 1641 Tantalus
2568 1603 2686 1654 pec·

1398 1769 1488 1788 050
1494 1769 1759 1790 Ιθθθθθθθθ

471 1885 640 1937 Livin.
661 1885 777 1936 libet
800 1887 929 1950 Reg.
968 1886 1092 1937 Put.
1112 1887 1305 1941 Thuan.
1341 1885 1537 1937 Mazar.
1553 1914 1556 1919 <
1573 1888 1774 1937 Bonon.
1795 1885 1913 1936 Pat.
1938 1885 2110 1935 Oxou.
2133 1898 2211 1948 pr.
2235 1883 2382 1934 Leid.
2407 1899 2484 1947 pr.
2526 1882 2685 1935 ambo

470 1948 662 2003 Moret·
700 1958 808 2001 tres
833 1952 1015 2002 Petav.
1049 1953 1177 2001 Exc.
1214 1953 1431 2002 Gevart.
1459 1953 1601 2014 javat
1641 1951 1766 2002 Lov.
1805 1950 1950 2001 Med.
1990 1953 2230 2013 pun—508
2266 1950 2489 1998 Emineat
2529 1950 2685 2000 Rott.

470 2017 701 2067 Floreat.
721 2016 866 2066 Med.
889 2031 991 2066 sec.
1008 2019 1213 2080 pendula
1232 2019 1366 2081 lapsu
1388 2018 1614 2066 Emineat
1635 2032 1775 2081 rupes
1807 2017 1931 2067 Pat.
1972 2017 2130 2078 lapsus
2169 2015 2283 2065 Pal.
2321 2015 2466 2064 Med.
2489 2029 2569 2077 pr.
2591 2016 2683 2066 ed.

469 2081 643 2132 Vicet.
664 2084 935 2145 volucer-que
954 2087 1219 2145 retorqueat
1240 2082 1383 2131 Med.
1405 2087 1690 2132 terte-509
1722 2083 1884 2131 ludant
1919 2080 2099 2130 Ambr.
2131 2084 2415 2130 terh—510
2448 2095 2531 2127 ora
2552 2080 2685 2129 Are-

466 2151 601 2195 ncant
623 2147 709 2196 siti
730 2148 814 2196 vel
846 2159 924 2194 ore
958 2148 1155 2196 Arest-at
1191 2147 1298 2195 sitis
1332 2147 1527 2197 Tliuau.
1563 2148 1813 2196 Ace-rescat
1846 2148 1993 2196 Rott.
2031 2146 2204 2195 Ambr.
2243 2160 2347 2195 sec.
2377 2148 2569 2207 decepta
2590 2147 2686 2195 vel

466 2216 653 2260 tentata
686 2213 816 2274 Reg.
853 2216 1083 2273 temptata
1106 2211 1251 2262 Leid.
1286 2216 1517 2274 temptata
1552 2213 1634 2261 vel
1665 2214 1859 2275 decepta
1882 2211 2053 2261 Oxou.
2093 2226 2172 2274 pr.
2208 2212 2260 2259 in
2306 2225 2408 2274 quo
2455 2225 2684 2275 sequens

470 2277 645 2341 glossa
664 2285 797 2326 erat.
830 2277 1139 2325 Petronius:
1174 2277 1188 2303 ‘
1217 2277 1330 2326 Nec
1355 2276 1490 2326 bibit
1511 2277 1649 2326 inter
1672 2291 1848 2341 aquae,
1867 2291 1964 2326 nec
1986 2275 2334 2340 dependentia
2358 2275 2527 2340 carpit
2547 2275 2689 2324 Tan·

466 2342 604 2390 talus
627 2340 826 2401 infelix,
864 2356 1017 2406 quem
1043 2356 1132 2391 sua
1156 2347 1280 2391 vota
1302 2349 1558 2404 premunt.
1597 2341 1789 2391 Divitis
1812 2341 1925 2391 haec
1964 2342 2138 2405 magni
2160 2340 2319 2390 facies
2343 2341 2464 2402 erit,
2501 2341 2684 2390 omnia

468 2406 575 2456 late
598 2406 700 2457 Qui
722 2412 889 2469 tenet,
928 2414 985 2456 et
1021 2407 1161 2456 sicco
1202 2407 1478 2471 concoquit
1515 2422 1602 2456 ore
1624 2406 1846 2472 famemJ
1881 2407 1935 2456 in
1966 2407 2248 2456 Tholosauo
2283 2405 2555 2471 Fulgentio
2575 2405 2683 2455 hoc

468 2471 736 2534 tribuitur,
758 2472 932 2537 ibique
954 2487 1048 2535 pro
1071 2488 1154 2522 nec
1170 2473 1480 2534 dependentia
1500 2474 1690 2535 legitur
1707 2488 1789 2522 nee
1803 2488 1938 2537 poma
1949 2474 2162 2536 petentia
2179 2473 2512 2535 carpit.—5l2
2533 2471 2685 2521 aliter

468 2535 593 2587 Vat.
618 2552 693 2600 pr.
714 2552 745 2587 a
767 2553 834 2588 m.
858 2553 936 2601 pr.
968 2538 1044 2586 hic
1065 2538 1184 2588 Vat.
1208 2542 1495 2588 terh—513
1527 2538 1591 2587 eit
1613 2539 1817 2587 TholoS.
1842 2544 1952 2587 sunt
1973 2539 2097 2587 Vat.
2121 2553 2199 2601 pr.
2223 2538 2376 2586 Farn.
2399 2537 2525 2586 Put.
2562 2537 2680 2586 Ma·

464 2616 569 2666 zar.
591 2603 724 2665 Reg.
747 2618 778 2652 a
799 2618 868 2651 m.
892 2618 969 2667 pr.
995 2603 1095 2652 duo
1116 2602 1297 2652 Ambr.
1318 2602 1420 2652 inc.
1443 2604 1627 2654 Heius·
1647 2605 1891 2665 peu-audax
1908 2605 2039 2651 Exc.
2063 2603 2216 2664 Laeti,
2237 2611 2292 2651 et
2316 2601 2399 2650 ed.
2429 2603 2681 2651 Parm.—-

466 2673 562 2716 514
585 2667 790 2731 flumine
810 2668 995 2717 Petav.
1019 2683 1119 2717 see.
1140 2668 1371 2731 Sisyphus
1393 2683 1488 2733 pro
1516 2670 1741 2728 Tantalus
1761 2669 1892 2719 Exc.
1916 2668 2065 2718 Laeti.
2096 2683 2226 2731 oeger
2249 2683 2346 2732 pro
2368 2668 2467 2730 egit
2491 2666 2677 2717 Ambr-

469 2738 592 2784 tert.
614 2732 718 2785 inc.
740 2733 923 2785 HeinS.
945 2734 1071 2785 Exc.
1094 2733 1314 2785 Gevart.

1464 2881 1676 2931 NOTAE

468 2983 475 2988 ‘
532 3014 628 3060 508
666 3009 921 3075 Torqueat]
954 3010 1094 3061 Rota
1118 3017 1170 3061 te
1196 3017 1454 3077 torqueat,
1474 3017 1531 3061 ut
1612 3012 1787 3063 Caesar
1807 3013 2178 3064 formidabilior
2200 3019 2331 3078 erat,
2350 3028 2500 3080 quam
2524 2980 2681 3066 multi

468 3088 939 3153 torquetIxionem.
975 3089 1218 3138 Ovidius:
1251 3089 1266 3115 ‘
1287 3090 1531 3138 Volvitur
1611 3089 1940 3156 optimatum
1962 3092 2153 3141 hostes,

464 3159 638 3228 Ixion,
662 3173 717 3216 et
734 3179 789 3213 se
809 3165 1142 3230 sequiturque
1166 3165 1441 3231 fugitque)

466 3300 474 3306 ·
530 3246 628 3292 509
664 3242 856 3291 Fallant
877 3242 1061 3306 latices]
1094 3245 1173 3293 Te
1193 3259 1322 3309 aqua
1352 3244 1530 3293 sitien-

467 3325 575 3367 tem
597 3316 763 3382 fallat,
783 3325 839 3368 ut
861 3321 1151 3372 Tantalum.

527 3399 623 3443 511
666 3394 859 3459 Vultur]
893 3396 1071 3446 Rodat
1098 3396 1392 3461 tundatque
1416 3398 1529 3445 vul·

465 3476 552 3520 tur
576 3478 665 3521 tua
687 3474 994 3536 praecordia,
1013 3480 1069 3524 ut
1086 3475 1257 3524 tundit
1271 3475 1422 3538 jecur
1438 3475 1527 3523 im-

463 3549 683 3598 mortale
702 3549 860 3612 Tityi.
916 3551 1117 3599 Horum
1134 3551 1400 3614 suppliciis
1419 3551 1527 3615 ple·

461 3637 531 3686 na
555 3632 674 3674 suut
696 3624 979 3676 Poetarum
1005 3628 1282 3677 volumina.

464 3749 467 3754 .
527 3706 623 3752 513
656 3702 782 3751 Pars
798 3709 938 3766 quota
958 3703 1090 3765 sunt]
1126 3703 1321 3753 Omnes
1342 3718 1528 3754 nocen-

462 3783 563 3841 tes,
577 3778 667 3842 qui
689 3778 1182 3845 suppliciisxinfernis
1206 3787 1529 3842 premuntur,

461 3867 567 3903 non
606 3855 863 3910 accedunt
897 3857 962 3903 ad
997 3857 1383 3920 improbitatem
1423 3859 1528 3906 Ru-

461 3927 570 3992 fini,
593 3929 684 3979 sed
709 3938 829 3979 sunt
849 3931 1010 3995 ipsius
1029 3934 1288 3995 particula
1307 3935 1524 3997 exigua:

1611 3229 1618 3234 ν
1673 3173 1770 3217 514
1805 3167 2102 3230 Salmoneus]
2159 3168 2263 3216 Hic
2290 3167 2407 3219 Rex
2432 3166 2599 3217 Elidis
2623 3168 2678 3218 in

1610 3241 1816 3292 Graecia
1839 3259 1994 3308 super
2014 3250 2221 3308 pontem
2242 3258 2440 3293 aeneum
2463 3259 2675 3296 currum

1609 3320 1799 3381 agebat
1849 3320 2128 3383 ‘lampada
2174 3336 2437 3385 quassans,
2477 3328 2531 3370 et
2564 3336 2676 3371 non

1609 3396 1861 3445 imitabile
1885 3395 2130 3458 fulmen3'
2172 3399 2262 3447 sed
2298 3399 2512 3463 Jupiter
2549 3415 2676 3450 vero

1607 3473 1741 3522 hunc
1793 3472 2005 3523 fulmine
2059 3476 2301 3538 perculit.
2388 3476 2676 3539 Virgilius:

1609 3551 1624 3576 ‘
1651 3549 2087 3616 Praecipitemque
2104 3552 2310 3601 immani
2323 3544 2533 3602 ‘turbine
2552 3555 2678 3604 ade·

1607 3626 1720 3691 git.’

1670 3704 1889 3770 Lingua]
1951 3706 2202 3755 Tantalus
2271 3722 2336 3756 ex
2402 3706 2679 3772 Euripide,

1608 3782 1834 3831 Deorum
1872 3777 2063 3832 mensae
2100 3784 2359 3833 adhibitus
2401 3782 2679 3834 ἀκόλαστον

1603 3858 1712 3921 ἐἶχε
1742 3863 1988 3921 γλῶσσαν,
2017 3861 2228 3923 improba
2256 3863 2421 3923 lingua
2443 3877 2553 3910 usus
2583 3867 2676 3925 est,

1609 3938 1828 4002 ideoque
1871 3939 1954 3987 vel
2007 3939 2109 4001 ipsi
2146 3954 2324 3994 saxum
2367 3937 2677 4001 impendet;

460 4007 607 4071 quasi
630 4007 680 4055 in
703 4009 802 4068 hoc
827 4022 927 4056 uno
957 4009 1107 4057 multi
1132 4010 1373 4059 scelerati
1406 4025 1523 4059 con·
1603 4016 1707 4076 vel,
1729 4018 1744 4042 ‘
1771 4015 1973 4067 Quaerit
1995 4031 2157 4079 aquas
2179 4016 2230 4064 in
2253 4015 2415 4081 aquiS,
2437 4022 2491 4063 et
2514 4028 2674 4078 poma

460 4082 742 4132 tineantur.
806 4083 893 4133 Sic
909 4084 1049 4147 Sylla
1064 4084 1155 4132 uni
1172 4086 1366 4135 Caesari
1383 4086 1523 4135 dice·
1602 4089 1807 4152 fugacia
1830 4097 2007 4154 captat
2025 4092 2297 4156 Tantalus,
2335 4092 2430 4141 boc
2451 4090 2528 4141 illi
2552 4105 2673 4157 gar·

459 4157 554 4209 bat
596 4160 785 4209 multos
827 4161 995 4210 inesse
1041 4160 1257 4224 Marios,
1284 4163 1384 4212 hoc
1412 4170 1525 4234 est,
1603 4167 1717 4217 rula
1735 4166 1908 4234 lingua
1929 4167 2114 4220 dedit.’

458 4235 647 4288 multos
669 4236 996 4302 optimatum
1031 4237 1226 4304 hostes,
1261 4252 1355 4289 seu
1390 4254 1521 4292 unus
