2925 4928
446 360 581 427 m

448 524 932 609 Disposuitque
960 524 1173 591 nefas·

1184 376 1303 443 ci..
1350 373 1780 425 <maumam
1831 373 1898 421 v.

1263 521 1401 586 Alii
1429 540 1552 606 per
1580 525 1767 603 terga
1794 520 2035 587 ferocis

444 626 743 693 Danubii
772 628 1061 695 solidata
1087 632 1306 704 ruunt,
1335 629 1746 710 expertaque
1778 644 1995 691 remos

444 729 780 813 Frangunt
807 737 1040 813 stagna
1066 730 1268 798 rotis:
1316 729 1431 793 alii
1460 748 1581 812 per
1611 726 1866 813 Caspia
1891 729 2202 807 claustra,

348 905 351 908 ,
441 830 929 918 Armeniasque
957 835 1169 912 nive8‚
1195 833 1467 916 inopino
1495 832 1762 896 tramite
1790 831 1996 909 ducti,

442 935 776 1002 Invadunt
803 935 1088 1003 Orientis
1116 955 1303 1020 opes.
1388 935 1435 1000 J
1439 955 1548 1000 am
1574 954 1835 1019 pascua
1861 935 2114 1023 fumant

2561 937 2653 1002 30

442 1036 951 1123 Cappadocum,
977 1040 1449 1124 volucrumque
1479 1057 1719 1123 parens
1747 1037 2033 1121 Argaeus
2060 1058 2400 1123 equorum.

437 1142 486 1208 J
489 1162 597 1207 am
627 1144 819 1209 rubet
845 1146 1021 1209 altus
1053 1145 1319 1229 Halys:
1361 1163 1482 1208 nec
1514 1162 1588 1207 se
1618 1142 1914 1208 defendit.
1930 1143 2165 1227 iniquo

441 1244 677 1311 Monte
707 1246 913 1333 Cilix,

1006 1247 1220 1332 Syriae
1246 1252 1499 1313 tractus
1526 1250 1870 1311 vastantur
1899 1246 2189 1311 amoeni:

438 1348 933 1436 Assuetumque
963 1351 1205 1430 choriS‚
1237 1355 1305 1416 et
1331 1352 1489 1416 laeta
1517 1350 1711 1434 plebe
1742 1368 2077 1427 canorum,

435 1484 685 1534 distribuit
707 1486 895 1535 scelera.

959 1485 1037 1534 Hi
1057 1486 1329 1549 iri-mummi
1346 1499 1435 1562 per
1455 1487 1649 1535 dorsum
1666 1485 1928 1547 glaciatum
1956 1484 2074 1533 latri
2087 1484 2322 1548 furentis,
2355 1490 2403 1534 et
2424 1490 2655 1549 rumpunt

435 1549 649 1599 cunibus
670 1565 813 1612 aquas
835 1556 956 1599 ante
978 1555 1188 1600 tentatas
1207 1551 1451 1612 remigiis:
1472 1551 1546 1599 illi
1563 1566 1654 1614 per
1674 1552 1831 1599 aditus
1853 1548 2062 1613 Caspios,
2078 1556 2123 1599 et
2141 1565 2231 1613 per
2245 1553 2377 1600 nives
2390 1551 2656 1613 Armenia»,

435 1615 654 1664 conducti
675 1616 842 1663 semita
862 1614 1132 1680 improvisa,
1152 1616 1344 1665 irruunt
1366 1615 1419 1664 in
1442 1615 1701 1691 Imperium
1736 1614 1968 1664 Orientis.
2034 1616 2149 1663 Jum
2168 1621 2312 1678 prata
2337 1616 2655 1679 Cappadocia

423 1678 627 1739 fumant
645 1685 837 1742 strage,
875 1684 922 1729 et
960 1680 1167 1743 Argaeus
1197 1685 1338 1744 puter
1373 1695 1593 1744 equorum
1629 1681 1993 1729 celeri-imorum.
2060 1681 2175 1728 Jam
2199 1680 2361 1757 Halys
2387 1680 2655 1749 profundus

430 1744 638 1793 rubescit
661 1744 841 1794 caede.
888 1759 1033 1808 neque
1073 1745 1211 1794 cilix
1243 1750 1432 1795 tutatur
1469 1761 1519 1795 se
1553 1745 1753 1795 culmine
1787 1745 2017 1808 abrupto.-
2060 1750 2219 1806 grutae
2254 1746 2468 1807 regiones
2490 1745 2655 1809 Syrtoe

432 1809 747 1874 diripiuntur,
784 1814 834 1860 et
871 1824 1012 1874 equus
1047 1810 1265 1860 inimicus
1302 1812 1452 1860 calcat
1477 1811 1704 1903 Orontem
1737 1811 1956 1873 inertem,
1997 1814 2044 1859 et
2073 1815 2344 1860 consuetum
2362 1811 2563 1874 choreis,
2600 1815 2653 1859 et

1376 1939 1736 1961 &OOOOOOOOOOO

426 2003 749 2055 Gordianis.

431 2070 667 2133 regiones
699 2077 882 2120 contra
919 2071 1258 2121 Maximinum
1302 2087 1399 2136 pro
1434 2072 1712 2122 Gordianis
1757 2070 1995 2120 tuendas’

884 2135 1095 2186 Tholos.
1122 2136 1306 2194 feracis
1347 2139 1472 2186 Vat.
1516 2149 1623 2186 sec.
1649 2136 1840 2195 feroces
1879 2137 2087 2227 Tholas:
2128 2145 2300 2185 tamen
2324 2136 2475 2195 ferox
2513 2135 2651 2184 Rho·

428 2200 580 2248 donus
603 2201 757 2250 Cons.
782 2201 1064 2250 Manlnvs
1088 2201 1861 2264 53.n1subilegendumferax
1887 2200 2028 2262 aiibi,

431 2138 497 2184 26
520 2135 849 2199 Imposuitque

770 2005 787 2036 ‘
810 2005 936 2057 Illos
960 2020 1082 2054 sane
1107 2017 1201 2055 xx.
1223 2012 1432 2057 senatus
1451 2006 1517 2056 ad
1536 2007 1636 2057 hoc
1662 2010 1948 2068 creaverat,
1964 2012 2024 2055 ut
2047 2004 2305 2054 divideret
2326 2006 2414 2057 his.
2428 2006 2649 2055 Italicas

2039 2086 2091 2134 p.
2148 2075 2261 2122 156.
2312 2077 2369 2120 et
2417 2086 2652 2134 saepe-

2057 2201 2369 2251 ‘Subvectae
2392 2200 2653 2250 Rhodano

429 2264 679 2314 Tiberina
715 2279 810 2329 per
849 2266 986 2315 ostia
1026 2266 1214 2315 classes
1266 2266 1383 2315 Nec
1422 2267 1565 2329 prius
1604 2266 1843 2316 inventas
1885 2265 2066 2314 Araris
2103 2262 2196 2315 t'ibi
2234 2265 2395 2314 donat
2423 2265 2652 2319 aristas!
2707 2290 2715 2296 ·

430 2328 679 2379 Heinsius
717 2330 782 2378 ad
818 2345 962 2380 oram
997 2330 1170 2394 Lugd.
1209 2330 1338 2380 edit.
1381 2335 1528 2381 1548.
1530 2335 1660 2380 -27
1708 2332 1849 2379 remis
1886 2330 2116 2380 Florent.
2153 2331 2353 2381 Thuan.
2390 2330 2510 2379 Pat.
2513 2334 2650 2380 —28

427 2398 585 2443 eastra
628 2394 749 2443 Pat.
784 2395 980 2445 Moret.
1023 2410 1130 2446 sec.
1171 2410 1202 2445 a
1240 2410 1309 2444 m.
1348 2410 1428 2459 pr.
1478 2398 1629 2446 lustra
1653 2411 1813 2460 marg.
1837 2395 2026 2459 Isingr.
2029 2399 2160 2444 —29
2191 2395 2344 2446 limite
2370 2396 2647 2445 Pria-31
2688 2395 2696 2399 “

430 2459 625 2522 Egenus
645 2459 774 2510 LoV.
799 2476 920 2511 am.
946 2475 1026 2525 pr.
1058 2461 1423 2524 equarumvfflt
1448 2476 1556 2511 sec.
1583 2461 1749 2512 Oisel.
1786 2477 2016 2525 uquarum
2051 2459 2223 2510 Oxou.
2246 2477 2323 2524 pr.
2347 2476 2468 2510 am.
2494 2476 2649 2524 pr.—

426 2528 492 2574 32
526 2526 655 2573 intus
677 2524 784 2574 Alis
806 2527 978 2577 Oxou.
1001 2541 1084 2590 pr.
1105 2528 1226 2576 Alia:
1249 2526 1397 2576 Leid.
1421 2541 1528 2577 sec.
1555 2527 1687 2576 Exc.
1710 2527 1932 2577 Gevart.
1966 2527 2057 2575 olis
2077 2527 2250 2576 Vicet.
2273 2525 2421 2576 Leid.
2447 2527 2648 2577 Lovan.

425 2588 558 2639 intus
579 2590 662 2638 vel
685 2593 809 2640 ultus
829 2592 950 2640 Vat.
976 2592 1142 2655 quint.
1178 2593 1308 2641 intus
1329 2593 1453 2642 Vat.
1478 2591 1605 2654 duo,
1636 2599 1692 2642 et
1715 2590 1935 2641 totidem
1967 2590 2114 2641 Med.
2136 2592 2262 2641 Lov.
2286 2592 2408 2640 Pat.
2431 2589 2648 2640 Tholos.

424 2652 541 2704 Pal.
565 2655 719 2704 Farn.
744 2657 910 2706 Oisel.
935 2658 1068 2720 Reg.
1089 2657 1288 2706 Mazar.
1311 2656 1414 2705 duo
1437 2659 1625 2706 Petav.
1660 2656 1812 2706 ambo
1834 2657 2027 2706 Moret.
2051 2657 2154 2704 duo
2181 2655 2361 2706 Anibr.
2387 2656 2533 2704 Lei'd.
2558 2669 2645 2718 pr.

425 2725 482 2768 et
505 2735 634 2769 unus
646 2720 882 2784 Heinsii,
921 2724 1008 2787 qui
1030 2722 1152 2771 inde
1174 2721 1490 2786 conjiciebat
1512 2723 1676 2772 Indus.
1681 2726 1811 2770 —33
1845 2737 2033 2770 amoenoe
2062 2720 2191 2784 legit
2212 2720 2347 2769 idem
2376 2720 2646 2782 HeinsiuS,

425 2785 515 2848 qui
538 2793 593 2834 et
613 2793 731 2849 post
749 2802 969 2835 canorum
988 2800 1189 2835 versum
1208 2787 1390 2836 deesse
1413 2788 1730 2851 suspicatur.
1752 2804 1827 2835 mo
1802 2792 1933 2834 antes
1951 2801 2042 2849 pro
2066 2790 2245 2834 tractus
2261 2800 2424 2849 marg.
2451 2785 2646 2848 Isingr.

422 2853 554 2899 —34
586 2864 800 2899 sonorum
823 2851 966 2901 Pric.
990 2852 1135 2901 Leid.
1153 2852 1319 2916 pltoebe
1342 2867 1505 2917 marg.
1529 2853 1720 2902 Morin.
1744 2857 1789 2900 et
1812 2853 1919 2900 lotae
1945 2852 2068 2902 Var.
2092 2851 2196 2900 LL.
2221 2850 2303 2901 cd.
2327 2849 2488 2900 Antv.
2515 2866 2545 2899 a
2570 2867 2641 2899 m.

1417 2949 1641 3000 NOTAE

486 3030 553 3076 26
588 3026 931 3094 Disposuitque
971 3030 1131 3095 nefus]
1198 3030 1486 3081 Constituit

420 3108 481 3153 ut
502 3105 666 3154 sceius
688 3120 852 3170 sunm,
888 3121 980 3156 seu
1011 3106 1204 3157 bellum
1227 3105 1484 3157 nefarium

418 3196 451 3231 a
472 3196 529 3232 se
551 3182 858 3248 excitatum,
895 3200 998 3235 una
1027 3200 1143 3235 cum
1179 3186 1412 3236 cladibus
1453 3202 1485 3235 a

422 3257 597 3322 Getis,
642 3275 747 3311 ase
790 3262 990 3325 accitis,
1033 3270 1365 3326 spargeretur
1389 3276 1484 3327 per

417 3336 710 3399 provincias
734 3344 790 3387 et
806 3338 969 3388 urbes
990 3353 1184 3389 omnes.

481 3413 545 3464 27
580 3416 816 3481 Danubii]
867 3417 969 3467 Seu
999 3418 1157 3468 Istri.
1192 3415 1379 3467 fluvius
1404 3380 1487 3468 est

415 3490 667 3542 maximus
711 3494 966 3559 Europae·
1031 3493 1200 3545 oritur
1255 3509 1322 3544 ex
1367 3494 1484 3544 vico

412 3566 857 3636 'Vittembergensi
878 3589 891 3621 ι
928 3587 984 3622 se
1006 3578 1252 3622 exonerat
1272 3571 1324 3623 in
1348 3571 1485 3622 Pon-

412 3649 525 3694 tum
549 3647 824 3700 Euxinum.

478 3726 545 3772 28
580 3725 755 3787 Caspia
774 3727 1005 3790 cmustra]
1058 3725 1251 3777 Aditus
1273 3727 1477 3791 Caspiae

411 3796 660 3860 regionis,
693 3799 884 3863 Caspio
910 3801 1039 3849 mari
1061 3802 1275 3850 vicinae:
1312 3802 1476 3850 claus-

413 3875 500 3921 tra
538 3872 626 3922 alii
645 3881 837 3924 vocant
872 3878 1080 3935 κλεῖδας,
1117 3879 1287 3939 claves,
1326 3876 1477 3940 regni

303 4002 309 4006 ⁸
408 3947 650 4013 alicujus.

472 4027 544 4075 29
574 4025 916 4092 Armeniasque
936 4027 1089 4092 nives]
1124 4029 1374 4080 Armenia
1395 4044 1474 4079 re-

410 4100 498 4166 gio
518 4108 599 4153 est
621 4101 781 4153 Asiae.

474 4181 541 4229 80
577 4178 793 4238 Orientis
808 4179 941 4244 opes]
973 4180 1037 4231 Id
1057 4189 1159 4244 est,
1191 4182 1475 4246 Imperium

410 4253 663 4310 Orientis.
750 4257 1027 4324 Virgilius:
1091 4259 1107 4285 ‘
1141 4257 1477 4310 inclementia

1562 3031 1761 3081 Divum
1796 3030 1909 3080 Has
1944 3029 2136 3081 evertit
2169 3044 2314 3095 opes,
2347 3028 2638 3094 sternitque

1563 3123 1596 3158 a
1616 3107 1842 3158 culmine
1862 3107 2111 3171 Trojam.’
2133 3115 2138 3122 ⁴

1607 3189 1668 3235 31
1694 3185 1924 3248 Argoeus]
1947 3185 2102 3233 Mons
2119 3182 2466 3248 Cappadociae
2485 3196 2645 3248 equo-

1564 3278 1678 3313 rum
1717 3262 2028 3327 pernicitate
2059 3261 2314 3316 celebris:
2368 3261 2640 3324 Cappado-

1519 3343 1526 3349 '
1565 3341 1650 3391 cia
1673 3354 1845 3405 porro,
1868 3339 2013 3403 regio
2036 3338 2179 3389 Asiae
2215 3338 2426 3387 minoris
2457 3352 2636 3387 versus

1565 3417 1813 3477 Pontum,
1837 3415 2047 3479 optimis
2069 3420 2123 3462 et
2146 3412 2354 3478 pascuis
2392 3418 2449 3463 et
2487 3412 2637 3477 equis

1564 3493 1812 3545 abundat.
2046 3548 2053 3553 Ι

1627 3576 1691 3621 32
1729 3568 1907 3633 Halys]
1941 3567 2152 3618 Fluvius
2178 3581 2244 3615 ex
2259 3566 2433 3615 Tauro
2456 3570 2637 3614 monte

1564 3662 1805 3698 nascens:
1832 3647 1982 3695 alluit
1998 3643 2403 3708 Cappadociam,
2414 3641 2638 3707 Syriam,

1557 3723 1981 3789 Paphlagoniam.

1622 3796 1819 3862 Ικίφιο]
1866 3795 2098 3859 Difficili,
2130 3794 2407 3857 salebroso,
2446 3792 2636 3856 arduo,

1553 3874 1797 3938 abrupto.

1621 3954 1684 3999 33
1721 3948 1883 4011 Cilix]
1938 3948 2141 3997 Taurus
2197 3961 2342 3997 mons
2403 3944 2634 4010 Ciliciae,

1558 4042 1675 4094 quae
1699 4033 1781 4077 est
1802 4026 1853 4076 in
1872 4025 2001 4075 Asia
2023 4026 2235 4080 minore.

1619 4102 1802 4168 Syria]
1835 4102 1971 4153 Haec
2005 4108 2085 4153 est
2104 4101 2249 4166 regio
2274 4099 2474 4150 Ciliciae
2505 4113 2635 4150 con-

1556 4179 1795 4231 termina.

1621 4260 1686 4307 ³4
1716 4257 2054 4321 ductumque
2068 4255 2249 4321 choris]
2265 4254 2407 4321 Syri,
2419 4260 2476 4305 et
2493 4268 2632 4321 pne-
