2925 4928
930 413 1024 464 nt
1070 414 1187 466 or..
1232 412 1770 473 omonimum
2363 401 2456 476 19

274 568 370 630 est
417 561 686 648 aliquid,
746 565 933 649 quod
983 568 1230 632 mixtas
1290 568 1564 634 virtutes
1615 571 1818 637 habet
1874 578 1946 638 et
1995 573 2346 639 rhetorices
2386 578 2455 640 et

274 665 571 751 poeseoS,
601 668 962 752 locumque
990 668 1249 734 obtinet
1290 672 1460 736 inter
1492 675 1856 738 orationem
1901 680 2103 759 atque
2140 692 2406 741 carmen
2419 695 2450 759 3
2511 668 2516 675 ”

272 769 450 853 cujus
478 770 645 834 ratio
672 771 959 854 hybrida
983 791 1062 836 eo
1092 777 1392 857 tempore
1421 781 1673 840 tantum
1703 785 1973 859 poterat
2003 780 2287 863 placere,
2316 798 2454 864 quo

267 889 483 938 sensus
513 872 773 956 pulchri
804 875 1178 959 exquisitus
1209 882 1279 940 et
1305 895 1635 958 perversae
1686 882 2189 961 magnificentiae
2227 880 2456 947 studio

266 981 333 1040 ct
352 977 795 1059 exaggerandi
817 977 1125 1043 audaciae
1150 980 1374 1044 cessit.
1418 980 1784 1045 Probabile
1809 1001 2081 1067 quoque
2104 990 2228 1061 est,
2251 983 2458 1048 Clau·

267 1075 527 1144 dianum
548 1092 684 1144 non
706 1082 914 1146 animi
932 1082 1265 1146 voluntate
1289 1089 1358 1147 et
1364 1083 1632 1167 judicio
1654 1074 1825 1149 hanc
1848 1085 2129 1149 formam
2149 1085 2456 1168 elegisse,

270 1180 376 1246 sed
395 1183 877 1278 consuetudine
905 1189 971 1248 et
996 1202 1180 1247 more
1210 1184 1415 1249 semel
1441 1192 1711 1269 recepto
1737 1187 1844 1251 :ad
1880 1186 2061 1251 illam
2097 1206 2244 1250 esse
2273 1186 2458 1252 dela-

264 1288 433 1349 tum..
489 1280 674 1350 Inter
701 1305 933 1350 omnes
958 1284 1221 1370 poetas,
1253 1288 1372 1370 qui
1399 1287 1718 1352 laudandi
1745 1295 1971 1374 partes
2002 1296 2456 1374 susceperunt,

265 1386 539 1467 primum
572 1407 735 1453 sane
773 1388 997 1455 locum
1025 1390 1280 1456 obtinet
1314 1390 1669 1472 Horatius3
1698 1411 1910 1476 neque
1935 1393 2071 1457 sere
2101 1393 2457 1477 quisquam

256 1495 376 1568 est,
405 1493 521 1575 qni
570 1493 845 1577 majore
872 1514 1024 1559 oum
1055 1495 1368 1579 dignitate
1388 1489 1578 1559 'illam
1605 1497 2023 1578 provinciam·
2044 1496 2453 1561 sustinuerit,

260 1591 393 1657 Sed-
412 1596 728 1675 rationes,
759 1599 1002 1681 quibus
1028 1617 1199 1661 usus
1233 1602 1337 1661 est
1377 1597 1649 1678 ingenio
1677 1597 2096 1662 limatissimo
2127 1603 2196 1660 et
2213 1598 2456 1682 judicii

261 1715 618 1782 sensusque
663 1701 1031 1767 subtilitate
1069 1720 1158 1765 ex
1207 1700 1687 1764 consuetudine
1725 1700 2013 1764 virorum
2038 1699 2456 1781 elegantissis-

260 1818 501 1864 morum
561 1808 936 1868 contracta
966 1804 1401 1887 dignissimis,
1452 1803 1634 1868 haud
1678 1802 1823 1867 scio
1866 1821 1953 1866 au
1997 1803 2203 1886 lyrico
2236 1804 2456 1884 generi

255 1902 389 1967 sint
407 1905 733 1988 propriae,
778 1911 976 1990 atque
1013 1909 1424 1991 temporibus
1474 1913 1542 1971 et
1587 1906 1930 1983 institutis,
1975 1906 2212 1988 quibus
2258 1904 2457 1969 Clau·

260 2004 438 2070 ‹liano
468 2007 948 2090 indulgendum
974 2009 1120 2087 fuit,
1152 2010 1601 2076 alienissimae;
1663 2009 1945 2089 Quotus
1975 2008 2148 2073 enim
2174 2009 2456 2091 quisque

254 2112 398 2172 tunc
426 2110 554 2175 illa
577 2111 1050 2188 blandimenta,
1083 2111 1173 2176 ad
1210 2130 1364 2195 quae
1410 2111 1847 2195 percipienda
1885 2116 1953 2174 et
1993 2115 2224 2175 teretes
2265 2128 2457 2173 aures

252 2216 318 2275 -et
363 2231 612 2277 sensus
656 2214 836 2278 omni
884 2214 1290 2289 humanitate
1321 2216 1606 2299 expoliti
1650 2215 2162 2298 requirebantur,
2197 2217 2459 2296 poterat

255 2312 636 2398 intelligere,
679 2319 1212 2400 quotusquisque
1265 2317 1394 2381 sibi
1437 2316 1860 2401 persuadere,
1907 2316 2157 2399 saepius
2200 2316 2270 2378 in
2325 2333 2459 2383 una

256 2418 595 2499 sententia,
619 2421 687 2484 in
712 2421 940 2499 unice,
964 2440 1180 2506 prope
1208 2422 1515 2500 dixerim,
1533 2420 1759 2500 verbo,
1786 2421 2106 2505 majorem
2134 2415 2458 2486 laudandi

255 2520 380 2585 vim
404 2523 667 2601 mse,
698 2544 903 2608 quam
931 2526 1006 2588 in
1032 2526 1328 2590 oratione
1367 2525 1776 2610 panegyrica
1816 2522 1921 2589 vel
1960 2522 2455 2587 verbosissima.

254 2622 534 2690 Etiamsi
563 2627 759 2709 igitur
781 2627 1217 2707 Claudianus,
1250 2630 1310 2694 si
1333 2648 1482 2693 eum
1508 2630 1592 2692 ad
1622 2629 1763 2705 illa,
1791 2646 1943 2710 quae
1972 2644 2078 2688 ars
2102 2624 2457 2712 desiderat,

250 2742 546 2805 revoces,
577 2728 804 2794 minus
842 2732 1109 2815 probari
1145 2730 1402 2814 possit3
1445 2738 1670 2795 tamen
1697 2729 2047 2796 excusatio
2077 2727 2177 2790 illi
2205 2731 2307 2789 est
2334 2745 2459 2809 pa·

249 2833 401 2906 rata,
433 2832 498 2895 si
530 2851 785 2896 morem
816 2839 883 2897 et
900 2834 1486 2911 consuetudinem,
1528 2834 1640 2896 cui
1680 2837 1821 2896 erat
1861 2829 2203 2904 litandum,
2234 2846 2457 2891 aures-

254 2948 373 3013 que
409 2934 703 2999 obtusas
741 2940 811 2999 et
842 2935 1227 3019 corruptum
1256 2937 1481 3000 aetatis
1507 2937 1653 3020 ejus
1671 2934 2018 3020 judicium,
2046 2930 2291 3014 quibus
2318 2934 2461 2993 erat

252 3033 676 3115 placendum,
720 3040 905 3121 apud
935 3042 1228 3106 animum
1255 3045 1546 3122 reputes.
1632 3035 2140 3120 Progrediamur
2175 3033 2264 3097 ad
2295 3030 2459 3099 illud

248 3138 621 3202 carminum
649 3159 872 3222 genus,
899 3141 1080 3224 quod
1109 3140 1409 3204 secundo
1436 3141 1590 3204 loco
1616 3128 1985 3222 posuimus,

260 3289 269 3298 .
331 3240 580 3325 Hujus
629 3243 893 3324 generis
932 3243 1103 3307 ratio
1137 3243 1380 3306 eadem
1410 3247 1515 3305 est
1566 3260 1720 3305 cum
1763 3239 1987 3323 priori,
2038 3236 2312 3301 materia
2356 3233 2457 3298 di·

251 3360 460 3409 versa.
509 3343 610 3408 Iu
633 3345 751 3409 illo
782 3335 1130 3423 laudandi,
1152 3343 1225 3408 in
1250 3344 1384 3408 hoc
1416 3342 1835 3426 vituperandi
1865 3346 2090 3426 partes
2125 3341 2408 3405 sustinet
2434 3356 2453 3418 ;

253 3452 471 3529 atque,
511 3448 579 3510 si
610 3453 967 3529 utrumque
997 3464 1379 3532 compares,
1412 3446 1717 3509 invenias
1749 3445 1938 3509 illum
1968 3444 2125 3526 plus
2155 3440 2455 3507 valuisse

252 3547 318 3611 in
340 3548 474 3613 boc
508 3570 721 3633 quam
754 3550 831 3612 in
854 3550 1004 3615 illo.
1094 3549 1372 3616 Scilicet
1399 3549 1471 3612 in
1498 3547 1813 3612 hostibus
1842 3544 2137 3609 Honorii
2156 3597 2161 3601 .
2180 3548 2249 3607 et
2273 3542 2459 3607 Stili-

254 3649 478 3715 chonis
517 3650 882 3729 laedendiS,
936 3651 1262 3735 quicquid
1292 3651 1364 3713 in
1394 3669 1545 3712 eum
1573 3649 1773 3711 finem
1814 3648 1977 3709 utile
2027 3649 2323 3729 putaret,
2369 3664 2457 3717 eo

255 3760 513 3835 poterat
540 3756 823 3837 irnpune
852 3756 978 3831 uti,
1005 3774 1163 3818 cum
1189 3755 1417 3828 sciret,
1445 3772 1532 3814 ne
1577 3753 1875 3814 monstra
1904 3749 2173 3831 quidem
2203 3748 2485 3811 inferna.

256 3873 627 3941 quenquam
658 3877 819 3921 esse
836 3851 1225 3936 ,offensura3
1274 3875 1433 3919 nam
1460 3854 1680 3918 malos
1726 3853 1953 3935 genios
1983 3871 2160 3928 esse,
2193 3868 2455 3932 eosque

258 3974 327 4020 se
354 3960 562 4023 rebus
591 3959 904 4023 humanis
931 3961 1311 4024 immiscere
1334 3959 1788 4040 mortalesque
1810 3958 1880 4018 in
1898 3954 2200 4019 fraudem
2232 3972 2455 4033 agere,

256 4060 359 4122 vel
388 4060 799 4127 Christianae
828 4063 989 4126 fidei
1018 4063 1414 4127 doctoribus
1438 4069 1601 4125 tunc
1624 4065 1768 4123 erat
1794 4075 2219 4141 persuasum.
2309 4053 2458 4118 Eti-

258 4162 680 4246 amfingeudi
711 4173 787 4229 et
808 4165 1362 4231 comminiscendi
1393 4183 1682 4247 quaeque
1713 4162 1926 4225 libera
1953 4164 2098 4223 erat
2125 4162 2456 4240 potestaS.

259 4260 338 4326 In
365 4267 576 4349 priori
601 4287 872 4352 genere,
891 4269 980 4335 ad
1005 4288 1259 4335 meram
1289 4268 1803 4333 ostentationem
1833 4268 2251 4345 comparato,
2270 4258 2458 4322 nulla
