2925 4928
442 356 577 424 578
1113 369 1228 418 or„
1273 367 1700 418 onAumANr
1749 366 1924 438 xxr.

448 515 741 581 Consule
771 513 1062 582 defensae
1095 517 1375 596 surgunt
1406 511 1772 577 Stilichone
1804 505 2100 576 secures,

451 619 701 685 Ordine
731 624 891 682 vota
918 623 1163 681 meant.
1252 616 1575 699 Equidem
1608 617 1666 679 si
1698 636 1956 681 carmen
1987 616 2057 678 in
2083 634 2287 681 unum
2571 616 2653 682 10

445 721 807 786 Tantarum
841 740 1096 803 sperem
1124 720 1426 783 cumulos
1458 719 1816 783 advolvere
1851 738 2091 794 rerum,
2507 725 2510 726 ’

447 822 791 888 Promtius
823 821 1162 904 imponam
1195 821 1459 903 glaciali
1485 821 1725 884 Pelion
1759 820 1984 885 Ossae.

450 924 528 989 Si
557 935 807 1008 partem
840 924 1132 988 tacuisse
1163 924 1382 999 velim,
1416 923 1876 1006 quodcumque
1905 923 2299 1005 relinquam,

451 1025 682 1112 Majus
706 1029 849 1091 erit.
949 1026 1223 1091 Veteres
1255 1033 1469 1103 actuS,
1497 1029 1908 1110 primamque
1946 1027 2300 1110 juventam

452 1129 838 1212 Prosequar
867 1131 895 1193 ‘l
944 1129 1030 1192 ad
1066 1149 1213 1193 sese
1234 1136 1522 1193 mentem
1552 1130 1919 1212 praesentia
1953 1130 2224 1194 ducunt.
2465 1133 2466 1138 ’
2579 1129 2661 1193 15

450 1232 736 1299 Narrem
777 1232 1154 1314 justitiam?
1202 1233 1586 1315 resplendet
1613 1233 1827 1316 gloria
1859 1233 2119 1297 Martis.

448 1334 711 1399 Armati
745 1334 1021 1398 referam
1052 1335 1273 1398 vires‘l
1321 1336 1476 1418 plus
1506 1335 1638 1417 egit
1665 1335 1966 1400 inermis:

455 1434 657 1514 Quod
688 1436 878 1500 floret
906 1436 1198 1513 Latium,
1235 1436 1429 1501 Latio
1458 1436 1641 1518 quod
1673 1438 1929 1503 reddita
1958 1437 2160 1502 servit

453 1537 711 1617 Africa,
742 1538 1244 1628 vicinuquuod
1275 1539 1493 1602 nescit
1525 1538 1809 1603 Hiberia
1837 1538 2183 1618 Maurum,

452 1724 637 1772 sulatus
657 1724 872 1784 exsurgit
903 1729 1226 1786 propugnata-s
1261 1738 1291 1773 a
1329 1723 1589 1773 Stilichone
1629 1725 1841 1773 Consule.
1909 1723 2165 1773 Desideria
2197 1728 2378 1770 nostra
2411 1719 2666 1768 succedunt

453 1802 519 1835 ex
538 1789 716 1838 ordine.
790 1791 893 1850 Ego
916 1795 1041 1838 certe
1063 1792 1104 1838 si
1136 1789 1460 1838 contenderem
1483 1787 1750 1851 aggregare
1770 1790 1821 1837 in
1856 1804 1984 1851 opus
2005 1803 2148 1837 unnim
2168 1802 2354 1836 acervos
2371 1800 2533 1834 rerum
2567 1789 2667 1832 tan-

454 1858 631 1914 tarum,
655 1854 801 1902 citius
830 1855 1109 1902 involverem
1146 1855 1315 1903 Pelion
1353 1856 1486 1903 Ossoe
1517 1856 1682 1903 nivali.
1749 1854 1807 1904 Si
1828 1858 1980 1918 optem
2013 1855 2151 1902 silere
2184 1857 2369 1915 partem
2389 1849 2669 1916 factorum,

453 1920 767 1980 quodcumque
803 1919 1021 1977 reticebo,
1056 1919 1152 1967 erit
1190 1920 1439 1981 grandius.
1527 1920 1608 1968 An
1648 1919 2007 1968 commemorabo
2036 1917 2174 1980 facta
2213 1918 2325 1980 ejus
2363 1917 2584 1978 antiqua,
2623 1917 2668 1961 et

448 1983 654 2046 primam
666 1982 1007 2044 juventutem?
1045 1984 1151 2033 Res
1180 1990 1435 2048 prce-sentes
1475 1989 1664 2033 vertunt
1698 1984 1880 2033 animos
1911 1985 1973 2031 ad
2008 1999 2073 2031 se.
2139 1982 2224 2032 An
2247 1978 2668 2040 recenseamjusti·

454 2045 614 2097 tiam?
647 2050 775 2097 Laus
796 2049 903 2097 belli
924 2050 1108 2099 ernicat.
1174 2050 1258 2098 An
1292 2050 1547 2113 proeaicem
1585 2050 1809 2098 virtutem
1846 2048 2007 2111 ipsius
2043 2048 2096 2096 in
2130 2044 2313 2096 ‹iv-mis?
2368 2047 2487 2094 Plus
2509 2043 2671 2107 effecit

453 2112 556 2161 sine
577 2115 738 2162 armis.
803 2113 999 2164 Effecit
1033 2129 1239 2178 nempe,
1277 2117 1397 2177 quod
1438 2114 1587 2163 Italia
1606 2115 1851 2177 florescat,
1885 2115 2007 2177 quod
2045 2111 2217 2172 Africa
2246 2111 2472 2161 restituta
2510 2110 2670 2157 Italioe

441 2176 729 2241 famuletur,
749 2181 870 2242 quod
892 2180 1133 2243 Hispania
1154 2195 1245 2229 non
1264 2181 1432 2229 timeat
1466 2181 1666 2228 Mauros
1681 2179 1939 2245 finitimos,
1973 2180 2091 2241 qaod
2133 2177 2295 2226 Gallia
2330 2190 2497 2225 secura
2519 2174 2671 2223 obstu-

1385 2322 1743 2342 ‘OOOOCOOOOOO

458 2423 585 2484 Exc.
607 2422 759 2474 Laeti.
792 2438 1068 2489 rursumque
1092 2424 1275 2476 Ambr.
1308 2440 1389 2489 pr.
1431 2426 1625 2475 Moret.
1661 2431 1867 2476 sec.-——9
1900 2424 2088 2487 defenso
2111 2425 2303 2475 Moret.
2329 2438 2434 2473 sec.
2472 2428 2675 2485 surgant

458 2491 607 2549 Rott.
641 2492 834 2539 redeunt
857 2491 977 2540 Vat.
1002 2506 1108 2541 sec.
1142 2493 1334 2540 radiant
1359 2492 1477 2540 hinc
1515 2491 1829 2555 conjiciebat
1865 2492 2257 2540 HeinsiuS.-—10
2277 2491 2393 2550 fata
2416 2491 2547 2538 Var.
2569 2489 2671 2537 LL.

459 2554 542 2603 ed.
567 2554 726 2604 Antv.
760 2559 967 2605 carmine
990 2558 1041 2605 in
1062 2572 1203 2605 unum
1225 2557 1328 2606 duo
1363 2558 1510 2607 Vatt.
1537 2556 1651 2606 Pal.
1677 2557 1841 2606 Oisel.
1865 2557 2011 2605 Med.
2036 2571 2115 2620 pr.
2150 2571 2218 2604 m.
2242 2570 2322 2619 pr.
2348 2555 2547 2603 Moret.
2570 2568 2672 2602 sec.

457 2619 664 2669 carmine
685 2621 736 2669 in
756 2636 844 2669 uno
864 2622 988 2671 Vat.
1007 2636 1085 2684 pr.
1109 2637 1175 2672 m.
1197 2637 1276 2685 pr.
1295 2623 1531 2671 Florent.
1560 2636 1641 2685 pr.
1667 2637 1733 2671 m.
1756 2637 1834 2685 pr.
1858 2624 2064 2670 carmine
2085 2623 2137 2669 in
2157 2636 2247 2669 uno
2271 2621 2349 2668 vel
2374 2619 2587 2668 carmine
2623 2619 2673 2666 in

457 2699 602 2737 unum
626 2686 748 2735 Jun.
774 2691 978 2748 pr.—ll
1015 2688 1170 2736 Tanta
1191 2703 1243 2736 re
1281 2702 1376 2750 pro
1417 2689 1676 2736 Tantarum
1698 2686 1799 2736 inc.
1838 2687 2020 2736 Heius.
2072 2687 2277 2734 evolvere
2300 2686 2429 2734 Exc.
2455 2685 2672 2733 Gevart.

457 2751 701 2807 advolvere
726 2751 807 2799 vel
831 2753 1062 2800 involvere
1092 2753 1263 2802 Oxou.
1302 2767 1379 2815 pr.
1424 2754 1614 2801 laudum
1651 2753 1835 2802 Petav.
1856 2755 2091 2801 sea—12
2125 2751 2355 2799 Protinus
2390 2748 2575 2800 Ambr.
2597 2763 2674 2810 pr.

457 2814 652 2864 Μαι-εί.
686 2830 788 2864 sec.
821 2817 949 2864 Exe.
995 2817 1214 2867 Schotti.
1252 2818 1305 2866 in
1344 2817 1529 2880 quibus
1567 2818 1859 2866 Gronovius
1897 2817 2196 2879 conjecerat
2234 2815 2394 2864 Ocius.
2444 2815 2678 2863 Protinus

460 2879 547 2935 ¹vel
572 2880 821 2929 Promtius
857 2881 1002 2930 Leid.
1043 2887 1254 2942 tin—13
1291 2883 1496 2931 tenuisse
1534 2883 1649 2930 Pal.
1687 2884 1809 2932 Vat.
1849 2889 1974 2930 tert.
2014 2898 2084 2930 m.
2121 2895 2226 2928 sec.
2248 2881 2484 2930 Florent.
2508 2895 2574 2928 m.
2600 2893 2675 2941 pr.

457 2943 662 2993 tenuisse
684 2945 765 2993 vel
786 2947 986 2999 tacuisse
1007 2947 1150 2997 Med.
1175 2962 1255 3011 pr.
1281 2947 1417 2996 uude
1447 2948 1668 2996 cecinisse
1691 2947 2004 3010 conjiciebat
2031 2946 2294 2994 HeinsiuS.
2316 2952 2553 2993 ceterum
2593 2944 2673 2991 hic

463 3021 641 3056 versus
665 3008 812 3058 deest
834 3012 958 3060 Jun.
985 3026 1062 3073 pr.
1117 3028 1410 3075 quaecumque
1438 3015 1558 3062 Vat.
1582 3021 1751 3076 quart.
1800 3012 2040 3075 relinquar
2062 3011 2357 3061 cisen—14
2390 3010 2677 3072 primamque

464 3072 547 3120 vel
567 3072 829 3134 primamne
874 3076 1003 3138 Reg.
1048 3076 1218 3124 Oxou.
1256 3083 1469 3139 pr.—-15
1507 3078 1773 3140 Persequar
1810 3079 1934 3125 Vat.
1980 3083 2149 3138 quart.
2190 3077 2311 3125 Lov.
2353 3074 2455 3123 duo
2498 3073 2675 3123 Ambr-

462 3134 522 3195 δι’
541 3152 710 3200 sequar
735 3139 854 3187 Vat.
875 3155 977 3189 sec.
1011 3143 1074 3189 ad
1104 3146 1304 3189 mentem
1324 3156 1422 3189 sese
1446 3143 1719 3191 Pria—16
1757 3144 1967 3191 Nar-rent
1983 3143 2105 3190 Put.
2138 3143 2335 3190 Partem
2359 3140 2552 3188 Petav.
2575 3152 2677 3188 sec.

461 3204 706 3265 respondet
745 3204 942 3253 Mazar.
994 3207 1102 3268 plus
1128 3207 1339 3267 splendet
1390 3207 1522 3268 Reg.
1566 3207 1779 3255 Tholos.
1820 3207 1922 3255 duo
1963 3208 2263 3256 Oxou.—1⁷
2296 3204 2513 3264 referant
2555 3205 2675 3253 Put.

461 3267 663 3317 Bonon.
707 3268 825 3318 Pat.
875 3270 927 3318 in
959 3272 1107 3319 armis
1149 3273 1401 3321 Pau—19
1434 3271 1673 3323 Hibernia
1711 3271 1838 3322 Jun.
1887 3286 1967 3335 pr.
2021 3272 2145 3320 Var.
2189 3272 2293 3320 LL.
2330 3271 2412 3320 ed.
2449 3271 2677 3319 Antv.—

1464 3417 1512 3466 N
1521 3418 1684 3467 OTAE

462 3560 467 3567 ·
531 3531 566 3576 9
597 3527 835 3592 Surgunt]
856 3529 1079 3580 Securos
1101 3544 1192 3580 seu
1219 3531 1532 3593 Consulatus
1613 3532 1775 3595 saliae,
1808 3532 1873 3581 ob
1915 3531 2166 3596 Gigantes
2186 3531 2479 3590 notissimi3
2526 3546 2680 3598 prom-

464 3605 650 3670 surgit,
685 3606 739 3654 id
774 3615 875 3669 est,
909 3607 1128 3670 erigitur
1166 3608 1219 3657 in
1256 3609 1531 3671 pristinum
1613 3609 1709 3656 tius
1748 3617 1921 3657 autem
1958 3610 2187 3657 involvam
2227 3609 2397 3657 Peh'on
2439 3611 2592 3670 Ossae,
2628 3609 2681 3658 id

467 3682 646 3732 decus,
1615 3690 1716 3748 est,
1740 3700 1846 3734 rem
1870 3687 2022 3735 citius
2046 3684 2314 3750 perficiam
2347 3687 2434 3736 vix
2471 3687 2684 3750 possibi-

535 3762 598 3807 10
639 3760 757 3809 Vota
778 3760 959 3822 meant]
1014 3762 1155 3811 Vota
1195 3765 1249 3808 ct
1279 3759 1535 3810 desideria
1613 3763 1732 3811 lem.
2126 3822 2130 3827 ,

466 3841 647 3883 nostra
683 3835 970 3884 succedunt
994 3850 1056 3884 eo
1089 3834 1266 3884 ordine
1301 3851 1402 3900 quo
1438 3850 1532 3885 nos
1568 3890 1575 3899 ⁴
1682 3841 1744 3886 18
1782 3838 1990 3886 Reddita
2006 3838 2195 3902 Africa]
2229 3839 2420 3888 Deleto
2436 3839 2682 3902 Gildone,

465 3908 570 3972 ipsi
593 3911 1017 3972 expectabamus.
1611 3914 1723 3978 qui,
1761 3914 1941 3963 Africa
1962 3916 2058 3963 sibi
2082 3923 2283 3978 erepta,
2303 3916 2500 3965 bellum
2539 3918 2681 3965 Mau-

536 3989 597 4034 11
633 3988 915 4051 Adcolvere]
981 3988 1177 4036 Molem
1238 3988 1440 4038 scilicet
1483 3996 1537 4037 et
1618 4007 1802 4056 rosque
1819 3995 2015 4041 suosin
2040 3992 2349 4057 Hispaniam
2371 3997 2680 4058 trajecmrus

471 4060 869 4126 quasicumulos
888 4079 1059 4112 rerum
1077 4064 1537 4127 pulcherrimarum
1619 4077 1749 4131 erat,
1786 4072 1881 4119 nisi
1917 4071 2155 4133 Stilicho,
2173 4073 2389 4120 hominis
2426 4072 2595 4132 clade,
2619 4070 2679 4119 ab

467 4142 580 4188 ate
603 4144 876 4199 gestarum.
1051 4170 1055 4175 ·
1618 4160 1680 4194 eo
1718 4147 1847 4195 inita
1885 4148 2100 4198 consilia
2129 4149 2489 4212 praevertisset
2526 4155 2681 4214 atque

538 4220 604 4271 12
634 4217 805 4268 Pelion
828 4220 984 4284 Ossoe]
1014 4221 1145 4271 Sunt
1165 4230 1363 4272 montes
1378 4223 1537 4279 Thes-
1615 4225 1980 4288 oppressisset.
