2925 4928
946 415 1029 487 ιιι
1077 414 1431 467 mmmm
1480 416 1628 468 mn.
1675 415 1727 485 ι.
2345 398 2440 476 oe

245 559 499 645 Mugiit,
529 566 599 626 et
623 565 805 626 totos
831 566 1202 647 serpentum
1229 565 1441 630 erexit
1468 564 1714 641 hiatus,

248 663 601 748 Noxiaque
627 663 859 730 effudit
887 684 1215 730 concusso
1246 669 1425 731 crine
1452 686 1725 732 venena.

243 765 514 848 Anceps
540 771 762 829 motus
793 773 933 830 erat
961 768 1183 850 vulgi:
1227 788 1383 852 pars
1416 769 1721 833 maxima
1745 769 2005 835 bellum

243 866 490 932 Indicit
518 869 839 950 Superis:
887 889 1046 952 pars
1077 870 1261 934 Ditis
1285 872 1441 955 jura
1471 876 1705 935 tuetur.

242 969 709 1053 Dissensuque
739 971 939 1034 alitur
962 992 1220 1038 rumor:
1266 994 1394 1038 ceu
1421 979 1782 1039 murmurat
1808 974 1922 1039 alti
2353 981 2441 1046 70

243 1071 591 1156 Impacata
618 1075 810 1156 quies
835 1074 1081 1156 pelagi,
1114 1095 1265 1139 cum
1293 1076 1562 1140 flamine
1592 1073 1801 1140 fracto
2425 1066 2428 1069 ¹

244 1174 452 1240 Durat
480 1175 697 1241 adhuc
728 1177 1053 1260 saevitque
1081 1184 1318 1257 tumor,
1344 1178 1756 1259 dubiumque
1787 1197 1905 1262 per
1936 1183 2171 1245 aestum

243 1275 453 1341 Lassa
483 1277 852 1341 recedentis
874 1278 1137 1343 fluitant
1166 1281 1452 1362 vestigia
1477 1279 1678 1344 venti.

325 1377 649 1462 Improba
677 1399 845 1444 mox
877 1382 1082 1462 surgit
1110 1383 1280 1445 tristi
1308 1381 1392 1444 de
1422 1381 1582 1445 sede
1617 1379 1937 1463 Megaera,

236 1478 466 1558 Quam
495 1502 697 1564 penes
727 1484 942 1546 insani
968 1482 1268 1549 fremitus
1299 1485 1640 1566 animique
1669 1483 1988 1567 profanus
2339 1490 2444 1555 75

239 1647 363 1711 liter,
394 1652 443 1697 et
480 1649 655 1697 extulit
672 1651 897 1698 dracones
916 1665 1071 1698 omnes
1092 1651 1294 1711 hiantes,
1317 1653 1458 1712 atque
1478 1663 1671 1696 excussa
1710 1662 1856 1708 coma,
1872 1648 2047 1711 sparsit
2084 1650 2213 1699 virus
2248 1653 2441 1715 pestise.

237 1728 355 1762 rum.
423 1714 669 1762 Fremitus
686 1714 832 1776 plebis
853 1720 956 1762 erat
977 1715 1169 1764 dubins.-
1214 1730 1327 1778 pars
1347 1714 1556 1763 maxima
1575 1712 1722 1773 infert
1745 1713 1914 1772 bellam
1936 1714 2050 1762 Diis
2063 1730 2079 1762 .·
2126 1731 2240 1777 pars
2259 1734 2443 1768 conser-

239 1784 315 1827 vat
335 1780 464 1839 leges
488 1781 722 1834 Plutonis,
744 1785 793 1828 et
828 1795 1038 1828 murmur
1069 1786 1271 1842 augetur
1292 1779 1576 1828 dissensione
1606 1778 2011 1826 sententiarum:
2060 1784 2443 1841 quemadmodum

238 1843 416 1906 requies
435 1844 635 1892 turbata
656 1846 802 1892 maris
833 1843 1060 1907 profundi
1079 1847 1302 1907 strepitat
1319 1862 1336 1901 ,⁰
1382 1860 1505 1902 eam,
1527 1843 1681 1891 veritis
1699 1843 1880 1904 positis,
1899 1849 2038 1890 (κείω-ς
2058 1851 2267 1894 remanet
2288 1850 2441 1897 adhue

239 1912 285 1956 et
309 1907 459 1968 sur-it,
494 1924 551 1956 ac
585 1909 797 1971 reliquiae
820 1908 1054 1970 fatigatae
1074 1910 1365 1971 tempestatis
1385 1907 1598 1956 abeuntis
1618 1909 1865 1968 agitantur
1879 1923 1967 1970 per
1989 1909 2171 1970 fluctus
2194 1913 2441 1973 ancipites.

241 1971 419 2021 Statim
441 1974 664 2034 Megaera
683 1975 905 2041 scelerata
927 1975 1143 2036 exsurgit
1163 1989 1223 2022 ex
1243 1975 1356 2022 solio
1378 1973 1640 2029 horrend03
1687 1972 1737 2019 in
1772 1972 1899 2032 cnjus
1935 1973 2180 2034 Megaerae
2208 1982 2446 2038 potestate

1168 2114 1524 2135 ΟΙΝΟΟΝΝΟΟ

234 2218 400 2266 laxare
435 2223 547 2267 tres
580 2217 703 2266 Vat.
728 2218 876 2267 Rott.
900 2217 1063 2268 Oisel.
1131 2220 1297 2266 laxare
1338 2218 1419 2266 vel
1452 2232 1626 2266 vexare
1662 2217 1786 2267 Put.
1823 2219 2019 2268 Moret·
2056 2233 2136 2282 pr.
2179 2219 2326 2269 Leid.
2360 2235 2444 2284 pr.

238 2283 402 2331 laxare
440 2284 529 2331 vel
565 2283 772 2331 lacerare
804 2285 935 2331 Exc.
960 2283 1113 2344 Laeti,
1142 2283 1336 2331 turbare
1356 2283 1460 2331 Ms.
1488 2284 1606 2331 Vnt.
1629 2283 1721 2331 N0.
1750 2288 1893 2332 1660.
1958 2300 2129 2333 vexare
2152 2285 2233 2333 vel
2253 2286 2462 2336 turbare·

242 2347 411 2397 Oxou.
434 2363 518 2411 pr.
541 2353 699 2396 vetare
722 2357 776 2397 et
799 2348 1002 2397 emend.
1037 2348 1370 2397 turbare‘Vat.
1396 2349 1563 2397 Livia.
1586 2352 1721 2396 unde
1746 2349 1987 2397 Heinsius
2013 2351 2126 2412 jam
2150 2351 2448 2414 conjecerat

239 2428 426 2461 vexare.
478 2414 649 2462 laxare
670 2414 851 2462 Barth.
902 2415 1074 2468 lassare
1096 2412 1161 2461 ai.
1209 2417 1398 2461 cruente
1421 2414 1502 2460 vei
1527 2418 1768 2461 enecatam
1790 2414 2049 2462 Low—66
2079 2419 2203 2462 totos
2224 2423 2446 2479 quatuor

240 2478 357 2527 Vnt.
384 2479 501 2527 Pal.
525 2480 674 2527 Fam.
701 2480 843 2528 Prie.
873 2479 1020 2527 Rott.
1045 2480 1211 2529 Oisel.
1265 2484 1414 2528 tortos
1434 2478 1620 2527 Petav.
1645 2494 1751 2527 sec.
1778 2494 1809 2526 a
1832 2495 1896 2527 m.
1921 2494 2020 2528 sec.
2049 2481 2191 2528 Leid.
2217 2494 2294 2542 pr.
2319 2482 2447 2531 Exc.

241 2543 366 2594 eod.
390 2544 579 2593 Rhem.
603 2543 678 2591 ita
701 2543 864 2592 edidit
890 2545 1051 2593 Gesn.
1115 2550 1237 2593 totos
1256 2545 1339 2591 vel
1363 2548 1513 2592 tortos
1531 2544 1700 2591 Oxou.
1728 2549 1936 2606 ρι’.-68
1970 2547 2117 2592 ana-ia
2147 2548 2270 2593 Exe.
2295 2546 2446 2595 Voss.

238 2612 365 2657 —69
397 2614 565 2657 tuetur
595 2608 719 2657 Put.
740 2609 936 2657 Thuan.
963 2608 1139 2664 Ambr.
1162 2624 1266 2657 sec.
1292 2616 1347 2656 et
1371 2624 1450 2671 pr.
1477 2624 1506 2655 a
1528 2624 1596 2656 m.
1620 2624 1728 2657 sec.
1747 2616 1848 2656 vet.
1874 2609 2006 2670 Gyr.
2040 2610 2141 2657 dno
2175 2610 2319 2657 Med.
2344 2611 2447 2660 duo

239 2671 356 2722 Vat.
381 2674 500 2724 Pal.
528 2672 865 2723 Rott.-Oisel.
889 2673 1012 2721 item
1037 2689 1166 2723 unus
1194 2675 1374 2722 Heius.
1437 2680 1625 2721 veretur
1647 2674 1766 2722 Vat.
1789 2673 1911 2734 dno,
1937 2675 2077 2721 Prie.
2120 2674 2248 2721 Exc.
2294 2676 2447 2726 Laeti.

237 2742 397 2787 tuetur
420 2740 501 2787 vel
526 2744 720 2787 veretur
740 2740 867 2787 Lov.
891 2739 1011 2787 Vat.
1039 2753 1118 2801 pr.
1143 2740 1262 2787 Put.
1293 2738 1435 2787 Med.
1459 2754 1563 2787 sec.
1601 2739 1752 2785 ambo
1781 2740 1974 2786 Moret.
1996 2739 2224 2788 Florent.
2251 2740 2446 2788 Mazar-

240 2803 425 2853 Petav.
451 2810 580 2852 tert.
616 2812 670 2851 et
713 2805 840 2851 Exc.
878 2818 907 2851 e
946 2803 1063 2852 Pat.
1102 2818 1206 2852 rec.
1272 2807 1462 2851 tuentur
1491 2803 1629 2851 Med.
1656 2810 1823 2865 (μιειι-ι.
1860 2804 1989 2851 Exc.
2015 2803 2234 2852 LucenS.
2258 2805 2447 2861 Sched.

239 2867 378 2918 Gud.
401 2869 477 2916 ita
501 2869 667 2917 Gesn.
701 2873 921 2916 verentur
942 2869 1226 2917 Fara—70
1248 2870 1541 2930 Assensuque
1568 2868 1701 2917 Prie.
1730 2875 2088 2917 commurmurat
2113 2868 2256 2917 Med.
2274 2877 2450 2932 quart.

232 2933 370 2982 -Ειιο,
394 2934 619 2981 LucenS.
645 2947 748 2981 sec.
781 2948 861 2981 seu
887 2934 1078 2982 Moret.
1106 2947 1184 2994 pr.
1206 2933 1288 2983 ed.
1314 2933 1461 2982 Deir.
1496 2947 1579 2981 ceu
1603 2933 1857 2981 Low—71
1894 2935 2144 2994 implacata
2171 2933 2313 2981 Med.
2338 2948 2447 2984 sec.

241 2998 339 3047 duo
360 2995 552 3047 Ambr.
574 2996 778 3060 flamine
803 2997 927 3046 Vat.
947 3005 1056 3061 opt.
1082 3004 1137 3046 et
1161 2999 1313 3046 Farn.
1346 2997 1550 3060 flamine
1573 2996 1867 3060 velflumine
1895 2999 2036 3048 Leid.
2062 3014 2138 3061 pr.
2163 3000 2338 3047 Oxou.
2365 3014 2446 3061 ρι’.

240 3063 381 3113 Prie.
407 3064 534 3112 Lov.
559 3063 723 3111 ceteri
744 3061 1277 3125 omnesflumine.—72
1309 3063 1452 3111 timor
1477 3062 1618 3110 Med.
1643 3070 1812 3125 quart.
1839 3063 1982 3110 Leid.
2005 3078 2082 3124 pr.
2116 3078 2146 3110 a
2169 3080 2233 3111 ιιι.
2262 3078 2341 3124 ρι’.
2363 3062 2450 3113 ed.

240 3128 415 3177 vicet.
482 3127 760 3189 dubiumque
774 3142 862 3189 per
882 3133 1049 3176 oestum
1073 3128 1150 3176 vel
1172 3126 1423 3189 dubiosque
1455 3141 1542 3188 per
1561 3132 1707 3175 oestus
1730 3128 2051 3176 Mareu—73
2085 3129 2196 3176 laxa
2222 3128 2303 3175 vel
2326 3130 2451 3177 lassa

232 3191 385 3243 Med.
411 3205 517 3242 sec.
540 3191 663 3255 fluit
685 3194 748 3240 ad
769 3191 976 3253 vestigia
998 3193 1282 3243 Fara—75
1312 3192 1521 3254 gemitus
1540 3192 1663 3240 Vat.
1681 3206 1760 3255 pr.
1788 3192 2049 3255 prophatae
2076 3194 2250 3242 Terror
2271 3193 2450 3244 Ambr.

1238 3295 1458 3389 NOTAE

239 3456 488 3519 ordinem,
513 3456 601 3521 qui
639 3462 785 3506 tanto
822 3469 1071 3505 consensu
1093 3469 1175 3503 res
1198 3469 1304 3503 om·
1384 3467 1485 3518 que
1509 3469 1540 3503 a
1573 3454 1799 3515 divitiis3
1850 3453 2054 3519 quibus,
2075 3453 2194 3519 quia
2219 3454 2267 3502 in
2293 3460 2448 3520 terrm

242 3550 329 3583 nes
369 3535 536 3584 vincit
576 3540 734 3597 atque
781 3533 1011 3594 colligat,
1048 3539 1105 3581 ut
1147 3530 1302 3579 fidem
1386 3529 1671 3579 visceribus
1693 3531 2041 3591 includuntur,
2067 3530 2315 3593 praesidet
2330 3530 2453 3580 Plu·

241 3612 439 3662 dedisse
465 3618 638 3677 putes„
661 3626 716 3659 se
752 3625 815 3659 eo
853 3610 1032 3658 ordine
1071 3625 1186 3659 esse
1225 3624 1304 3657 re·
1381 3613 1495 3655 ton.

240 3681 514 3739 mansuras.
1447 3686 1513 3731 70
1546 3682 1866 3744 Dissensaque
1884 3681 2033 3729 alitur
2053 3679 2234 3742 rumor]
2282 3680 2449 3731 Sonus

284 3749 363 3818 ‘66
398 3764 612 3827 Mag-iit]
635 3763 913 3822 Reboavit‚
934 3762 1190 3824 clamavit,
1206 3760 1304 3811 fre·
1382 3760 1592 3824 quidam
1628 3761 1969 3809 tumultuosus
2010 3760 2236 3808 nutritur
2270 3766 2325 3808 et
2361 3774 2450 3830 aug·

241 3842 367 3891 mnit
385 3840 639 3890 atrociter
664 3841 827 3887 instar
848 3840 982 3888 tauri
1003 3838 1239 3890 furentis,
1385 3843 1537 3901 getur
1559 3838 1810 3885 varietate
1832 3838 2219 3886 sententiarum.

299 3923 361 3967 68
393 3921 583 3979 Anceps
620 3923 774 3965 motus
808 3921 910 3963 erat
943 3917 1098 3980 vulgi]
1167 3916 1305 3967 Quia
1447 3920 1512 3964 ⁷2
1550 3914 1741 3977 Tumor]
1774 3915 2024 3978 Reliquiae
2049 3912 2374 3975 tempestatis
2397 3912 2451 3962 in

242 3994 347 4044 aliis
369 3995 468 4043 alia
495 3994 796 4055 placebant.
1383 3991 1629 4039 immenso
1670 4005 1872 4054 aequore
1912 3990 2102 4037 habent
2146 3989 2311 4037 adhuc
2356 3987 2451 4051 alig

300 4075 362 4120 69
417 4072 544 4119 Pars
580 4068 724 4117 Dilis
763 4067 881 4127 jara
920 4067 1102 4130 tuetur]
1169 4068 1304 4118 Oula
1383 4068 1506 4133 quid
1534 4069 1745 4117 saevitiae
1775 4066 2155 4115 murmurantis.

240 4146 327 4195 sub
348 4147 460 4211 ejus
497 4146 720 4208 imperio
766 4144 844 4191 vis
884 4145 1150 4193 Furiarum
1185 4159 1303 4195 con·
1447 4150 1511 4195 74
1551 4144 1788 4207 Megaera]
1857 4145 2009 4193 Furia
2045 4143 2206 4205 dicta,
2244 4140 2337 4190 ἀπὸ
2363 4142 2451 4214 roi?

242 4230 369 4273 stat:
417 4223 529 4285 Dis,
570 4230 750 4271 autem
791 4220 982 4270 dicitur
1021 4221 1225 4280 Latine,
1247 4228 1304 4273 et
1379 4219 1636 4285 μεγαίρω,
1656 4221 1884 4269 invidere.

240 4298 447 4367 Pluton,
468 4300 681 4365 Graece,
702 4295 801 4347 ἀπὸ
822 4294 1063 4360 πλούτους
1110 4304 1303 4347 utrum·
1447 4305 1510 4349 ‘15
1546 4299 1798 4363 Animiqae
1817 4298 2042 4362 profanas
2055 4296 2209 4361 error]
2242 4295 2454 4350 Insania
