2925 4928
501 424 633 491 356

1226 443 1341 491 GL.
1387 440 1815 491 CLAUDIAM
1863 443 1995 492 XV.

505 589 652 678 RE
664 629 941 679 burrus
973 612 1270 698 imperiis
1301 612 1579 693 Auster,
1611 614 2054 700 subjectaque
2085 637 2348 683 rursum

502 717 803 783 Alterius
831 737 1145 783 convexa
1174 718 1340 802 poli.

1431 716 1730 784 Rectore
1761 721 1886 784 sub
1919 740 2054 784 uno

502 820 869 906 conspirat
896 824 1190 906 geminus
1220 823 1452 888 fraenis
1485 823 1955 887 communibus
1985 823 2192 888 orbiS.

499 924 548 996 J
551 926 860 990 unximus
890 926 1207 1010 Europen
1237 926 1498 1011 Libyae.
1593 925 1979 991 Concordia
2010 926 2321 990 Fratrum

502 1028 718 1094 Plena
742 1030 936 1097 redit.
1026 1029 1279 1095 Patriis
1311 1030 1494 1115 quod
1526 1030 1750 1094 solum
1777 1028 1991 1093 defuit
2021 1028 2246 1107 armiS,
2666 1023 2706 1095 5

566 1213 702 1264 Pars
725 1213 1000 1263 Meridiano
1032 1212 1253 1262 restituta
1290 1216 1374 1261 est
1404 1210 1580 1261 ditioni
1612 1212 1876 1273 Romanae,
1909 1214 1958 1259 et
1991 1209 2263 1260 convexitas
2294 1210 2392 1273 poli
2411 1210 2609 1261 alteria
2628 1218 2705 1261 est

499 1280 677 1328 iterim
710 1279 900 1329 subdita
915 1296 932 1328 .-
981 1283 1175 1342 uterque
1215 1278 1423 1327 Mundus
1456 1276 1671 1337 conjurat
1708 1276 1792 1324 sub
1828 1290 1921 1324 uno
1964 1277 2257 1324 moderatore
2300 1274 2483 1338 legibus
2525 1275 2703 1327 iisdem.

504 1344 843 1405 Com'unximus
865 1346 1106 1408 Europam
1127 1358 1245 1393 cum
1266 1342 1453 1404 Africa.
1523 1343 1781 1391 Concordia
1802 1339 2021 1401 fratrum
2036 1339 2250 1405 perfecta
2278 1341 2554 1391 revertitur.
2619 1340 2707 1404 Ty-

1441 1499 1734 1522 “eecce-teo
1742 1501 1798 1520 ‘O

501 1603 649 1654 Rott.
672 1618 751 1668 pr.
776 1605 906 1654 Exc.
929 1603 1134 1653 Schott.
1154 1603 1343 1655 Sched.
1369 1602 1507 1653 Gud.
1532 1601 1840 1665 inscribunt,
1863 1602 1948 1651 De
1982 1601 2171 1651 Buteo
2208 1599 2547 1651 Grtnomco.
2581 1601 2706 1652 Exc.

500 1668 637 1719 Laeti
659 1666 937 1733 praefigunt
973 1668 1366 1733 Praefationem,
1403 1683 1517 1735 quae
1559 1673 1681 1717 ante
1721 1668 1815 1718 lib.
1838 1681 1902 1717 11.
1940 1666 1995 1715 in
2029 1665 2206 1732 Rufin.
2244 1667 2459 1729 legitur,
2498 1680 2615 1716 eum
2633 1667 2706 1716 in·

496 1734 779 1797 scriptione
801 1736 971 1784 Bam
995 1736 1205 1785 Crvrms
1232 1736 1408 1785 Lmen
1436 1734 1701 1783 Tem-ms.
1769 1732 1832 1781 In
1865 1731 2051 1782 Ambr.
2094 1747 2199 1781 sec.
2221 1737 2278 1781 et
2301 1731 2449 1781 Leid.
2473 1746 2559 1795 pr.
2581 1739 2709 1797 erat,

497 1798 718 1848 lucrm
740 1811 907 1850 Lmen
932 1814 1006 1849 ne
1037 1801 1320 1850 Grmomz.
1360 1801 1551 1849 Petav.
1584 1813 1665 1862 pr.
1706 1798 1864 1847 habet
1902 1798 2094 1848 dictam
2129 1796 2527 1859 Praefationem,
2565 1804 2624 1846 ut
2656 1797 2711 1847 e‘t

496 1863 646 1914 Leid.
675 1879 753 1927 pr.
779 1865 832 1914 in
856 1881 956 1929 quo
980 1871 1113 1928 erat,
1133 1866 1313 1929 Incipit
1352 1863 1623 1929 Propo-sitio
1659 1863 1800 1912 Libri
1838 1865 1897 1912 de
1937 1863 2159 1913 Gildone.
2226 1861 2290 1910 In
2311 1862 2436 1912 Vat.
2462 1867 2583 1912 tert.
2604 1868 2708 1914 vet·

499 1928 632 1991 Gyr.
666 1928 789 1978 item
829 1931 950 1981 Vat.
983 1931 1150 1981 Livin.
1188 1929 1442 1980 Praefatio
1489 1927 1831 1979 desideratur.
1896 1927 1962 1976 In
1998 1927 2217 1992 Gyraldi
2258 1927 2385 1976 Cod.
2429 1927 2709 1990 ascriptum

497 2000 636 2055 erat,
657 1994 673 2021 ‘
695 1997 781 2044 De
804 1995 1032 2045 Gildone
1051 1996 1155 2045 vid.
1180 1996 1335 2046 Oros.
1359 1996 1413 2044 in
1436 2009 1536 2044 vn.
1559 2000 1615 2043 et
1648 1994 1913 2043 Diaconus
1935 1992 2117 2043 xvm!
2166 1992 2270 2043 Hic
2294 2006 2416 2042 vero
2440 1991 2579 2042 liber
2600 2006 2710 2042 cum

497 2058 631 2107 Mss.
657 2059 979 2110 Lunensibus
1004 2061 1225 2110 collatus
1247 2075 1348 2110 non
1367 2067 1495 2110 erat.

563 2127 589 2171 1
613 2124 851 2173 Redditur
874 2125 997 2174 Put.
1013 2125 1132 2175 Pat.
1159 2126 1396 2174 Redditus
1409 2124 1491 2174 vel
1509 2123 1737 2172 Subditus
1759 2123 1925 2173 Oisel.
1941 2137 2105 2172 rursus
2128 2127 2236 2171 tres
2256 2121 2405 2172 vatt.
2419 2120 2587 2171 Oisel.
2609 2136 2710 2169 rur-

493 2201 598 2236 sum
606 2187 830 2237 Pus—2
841 2190 1055 2239 Alterius
1072 2189 1251 2240 decem
1268 2190 1469 2252 scripti.
1487 2188 1678 2237 Alterni
1687 2189 1880 2238 Moret.
1891 2202 1970 2251 pr.
1978 2188 2095 2251 poli.
2110 2202 2224 2237 cum
2234 2184 2397 2251 τελείᾳ
2409 2189 2591 2252 στιγμῇ
2604 2193 2709 2236 tres

499 2252 646 2302 Med.
666 2254 710 2301 Τ
714 2254 868 2303 huan.
887 2254 1010 2303 Put.
1033 2256 1229 2304 Mazar.
1248 2256 1375 2304 Lov,
1396 2254 1497 2302 duo
1521 2254 1707 2302 Petav.
1727 2253 1944 2301 totidem
1963 2252 2239 2302 Ambr.—3
2267 2253 2525 2315 Con-spirat
2536 2251 2711 2315 gemini

497 2316 626 2366 orbis
640 2318 763 2368 Vat.
781 2334 859 2382 pr.
875 2319 1043 2369 Oisel.
1061 2321 1182 2369 Vat.
1201 2320 1366 2368 Livin.
1391 2319 1677 2381 Con-spirant
1686 2318 1867 2378 gemini
1880 2318 2013 2366 orbes
2027 2325 2245 2382 quatuor
2255 2318 2406 2367 Vatt.
2423 2316 2545 2366 Pal.
2562 2318 2712 2367 Farn.

494 2381 640 2432 Prie.
653 2383 799 2432 Rott.
815 2385 1040 2434 Low—4
1061 2386 1297 2448 Europam
1312 2385 1465 2433 Farn.
1483 2383 1621 2431 Prie.
1642 2383 1788 2431 Rott.
1813 2383 2051 2446 Eur-opem
2067 2389 2173 2431 tres
2183 2384 2330 2431 Vatt.
2344 2382 2468 2432 Pat.
2480 2383 2669 2431 Floren
2677 2389 2714 2431 t.

492 2446 694 2498 Matar.
718 2449 903 2500 Petav.
926 2466 1004 2515 pr.
1027 2452 1248 2514 Europen
1271 2450 1391 2499 Vat.
1407 2463 1488 2512 pr.
1508 2447 1626 2498 Pal.
1648 2446 1812 2499 Oisel.
1826 2447 1972 2496 Med.
2008 2463 2089 2513 pr.
2097 2446 2287 2508 factum
2303 2461 2405 2512 pro
2410 2445 2607 2507 fratum
2630 2447 2713 2497 ed.

492 2512 766 2564 Vicet.-5
782 2515 920 2564 Loeta
938 2516 1065 2564 redit
1079 2516 1200 2565 Vat.
1217 2515 1380 2579 quint.
1399 2516 1526 2563 Exc.
1546 2514 1665 2562 Pat.
1684 2527 1789 2562 rec.
1804 2513 1927 2561 Leto
1947 2513 2134 2563 Petav.
2152 2528 2232 2577 pr.
2249 2512 2712 2576 patriissolumquod

493 2576 766 2630 droatt.
787 2588 846 2629 et
860 2581 1088 2630 -totidem
1119 2581 1265 2630 Med.
1305 2580 1468 2630 Oisel.
1490 2580 1611 2628 Vat.
1645 2577 1813 2628 Livin.
1857 2579 2121 2642 patriisque
2141 2579 2287 2628 solum
2306 2580 2427 2642 quod
2451 2578 2569 2628 Pal.
2592 2578 2712 2628 Pat.

492 2641 642 2695 Med.
683 2659 763 2708 pr.
819 2647 965 2695 armis
1003 2648 1134 2696 Exc.
1171 2643 1323 2696 Laeti.
1393 2645 1523 2694 orvis
1555 2644 1637 2693 ed.
1674 2645 1845 2694 Parin.
1881 2649 1937 2692 et
1974 2644 2142 2694 Vicet.
2199 2644 2337 2693 annis
2375 2644 2494 2694 inc-⁷
2525 2642 2706 2695 Heius.

1494 2772 1707 2823 NOTAE

557 2891 584 2936 1
620 2887 820 2951 Auster]
872 2889 1074 2939 Ventus
1098 2895 1179 2940 est
1208 2888 1555 2940 Meridianus:
1642 2887 1879 2950 Honorii,
1896 2902 1956 2937 ac
1980 2887 2200 2951 proinde
2224 2887 2381 2941 totius
2405 2887 2592 2938 Orbis.

491 2964 703 3028 ponitur
740 2980 834 3027 pro
864 2963 1068 3026 Africa,
1109 2982 1226 3030 quae
1258 2974 1414 3016 terrae
1436 2980 1557 3030 pars
1704 2969 1734 3013 3
1774 2965 2005 3014 Geminus
2041 2963 2190 3027 orbis]
2231 2964 2421 3014 Oriens
2458 2972 2517 3015 et
2558 2956 2711 3014 Occi·

488 3047 572 3090 est
609 3040 917 3103 Meridiana,
947 3043 1331 3106 comparatione
1367 3043 1556 3092 Roma·
1640 3042 1786 3104 dens,
1818 3042 1905 3091 vel
1942 3042 2113 3107 potius
2153 3041 2473 3106 Septemtrio
2508 3048 2567 3091 et
2601 3041 2715 3092 Me·

486 3130 690 3167 norum.
770 3119 832 3166 Id
875 3126 971 3182 est,
1015 3120 1178 3168 altera
1219 3134 1337 3183 pars
1377 3119 1556 3182 Orbis,
1636 3117 1813 3167 ridies.

484 3191 676 3242 Africa
716 3208 920 3259 nempe,
954 3209 1042 3243 seu
1075 3210 1195 3259 pars
1225 3193 1553 3244 Meridiana:
1700 3194 1885 3244 Froenis
1927 3193 2263 3257 communibus]
2329 3194 2582 3258 LegibuS,
2621 3193 2710 3242 im-

485 3270 539 3319 in
581 3284 681 3334 quo
722 3269 865 3321 Orbe
905 3271 1257 3336 Imperatores
1296 3259 1569 3321 Arcadius*
1636 3271 1817 3333 petiis,
1860 3271 2044 3336 quibus
2091 3277 2331 3334 tanquam
2365 3272 2587 3321 habenis
2625 3271 2711 3319 ho·

485 3353 542 3396 et
568 3345 830 3395 Honorius
851 3355 1085 3410 regnant.

550 3427 584 3472 2
616 3423 834 3472 Alterius
853 3441 1059 3474 convexa
1076 3426 1198 3489 poli]
1236 3428 1358 3475 Duo
1380 3425 1554 3490 Impe-

483 3506 684 3550 ratores
704 3509 926 3566 regnant
947 3504 999 3552 in
1025 3504 1149 3553 orbe
1174 3511 1447 3565 terrarum,
1469 3517 1553 3551 ve-

482 3576 563 3626 lut
586 3577 686 3626 duo
712 3579 936 3627 Numina
951 3580 1000 3628 in
1021 3595 1111 3628 suo
1136 3581 1254 3644 polo
1278 3595 1369 3629 seu
1390 3580 1549 3630 Coelo.

482 3654 644 3703 Polus
685 3663 858 3704 autem
895 3657 1122 3720 duplex;
1178 3658 1420 3707 Arctious
1459 3670 1548 3707 seu

479 3729 947 3793 Septemtrionalis‚
987 3747 1138 3797 quem
1176 3733 1395 3782 Romani
1432 3747 1552 3782 oon-

479 3806 787 3856 servabant:
822 3816 876 3856 et
912 3809 1058 3870 polus
1089 3807 1547 3871 Antarctieus,seu

480 3881 819 3943 MeridianuS,
854 3898 1006 3946 quem
1044 3884 1237 3934 Gildon
1267 3886 1544 3936 invaserat.

478 3955 556 4006 At
601 3955 732 4006 duce
785 3958 1070 4008 Stilichone
1114 3961 1198 4010 hie
1240 3964 1409 4025 poluS,
1450 3976 1542 4012 seu

479 4034 783 4082 convexitas
806 4034 952 4097 hujus
979 4034 1102 4096 poli,
1139 4050 1231 4085 seu
1263 4038 1437 4100 potius
1462 4053 1542 4087 re·

477 4107 563 4172 gio
598 4123 814 4172 vergens
853 4110 1089 4160 adhunc
1127 4113 1318 4176 polum,
1341 4115 1545 4165 scilicet

475 4182 679 4248 Africa,
704 4185 911 4235 reddita
933 4194 1013 4236 est
1035 4187 1263 4251 Imperio
1286 4191 1542 4242 Romano.

543 4261 747 4312 Rectore
766 4263 850 4312 sub
863 4264 976 4327 uno]
995 4265 1291 4329 Stilichone,
1311 4268 1415 4332 qui,
1437 4270 1541 4318 Ru-

473 4335 580 4388 fino
615 4338 838 4404 sublato,
876 4347 1054 4392 rector
1093 4349 1210 4393 erat
1241 4341 1458 4396 Arcadii
1487 4351 1544 4397 et

1634 3350 1800 3397 mines
1832 3355 2099 3412 regantur.
2163 3350 2317 3399 Mens
2337 3363 2516 3399 autem
2540 3364 2609 3399 ea
2630 3347 2709 3398 fu-

1633 3432 1750 3474 erat
1770 3426 2063 3488 Theodosii,
2086 3434 2144 3476 ut
2170 3424 2428 3476 Arcadius
2451 3435 2512 3477 et
2528 3427 2708 3476 Hono·

1634 3502 1741 3550 rius
1798 3502 1949 3551 simul
1995 3503 2171 3552 orbem
2226 3502 2599 3567 possiderent:
2653 3507 2710 3551 at

1630 3579 1846 3628 Rufinus
1885 3580 2072 3628 invasit
2110 3580 2395 3645 Illyricum,
2418 3579 2706 3642 Eutropius

1627 3664 1832 3719 partem
1868 3655 2107 3717 Africoe;
2154 3663 2353 3721 partem
2396 3657 2558 3705 aliam
2596 3656 2711 3707 Gil-

1630 3733 1733 3782 don
1770 3740 1890 3782 ante
1927 3739 2305 3796 occupaverat:
2356 3739 2463 3782 tres
2503 3731 2581 3781 illi
2627 3737 2708 3793 ty·

1629 3811 1779 3859 ranni
1802 3826 1832 3859 a
1853 3809 2136 3859 Stilichone
2159 3809 2351 3858 sublati
2372 3815 2535 3858 sunt:
2578 3820 2707 3873 quo-

1627 3899 1740 3935 rum
1764 3886 1949 3935 tertius
1970 3892 2050 3935 est
2073 3886 2281 3934 Gildon.

1686 3967 1719 4011 4
1740 3962 1932 4027 Libyoe]
1966 3960 2195 4011 Africae:
2232 3977 2350 4025 pars
2367 3961 2704 4025 poniturpro

1622 4045 1737 4089 toto
1758 4056 1772 4100 ;
1807 4040 1893 4088 vel
1917 4038 2117 4103 Libyae,
2135 4038 2255 4104 quia
2273 4039 2431 4089 Gildo
2456 4053 2703 4104 magnam

1624 4117 1804 4182 Libyae
1824 4116 2087 4167 interioris
2111 4123 2315 4179 partem
2335 4118 2623 4180 expilaret.

1687 4200 1716 4243 5
1750 4192 1925 4256 Plena]
1991 4192 2268 4257 Absoluta,
2312 4193 2562 4259 perfecta
2599 4193 2710 4246 fra-

1610 4275 1758 4322 trum
1799 4268 2015 4320 Arcadii
2056 4275 2113 4319 et
2145 4269 2382 4331 ,Honoriip
2408 4277 2705 4335 renovatur

1621 4346 1919 4414 concordia,
1935 4361 2050 4413 quae
2080 4347 2277 4405 artibus
2291 4347 2479 4401 Rufini
2497 4348 2700 4403 turbari
