2925 4928
506 384 636 456 164

506 543 779 613 Parcite
810 541 1152 626 contiguo,
1179 537 1467 603 Rufinus
1499 537 1834 622 praecipit,
1865 537 2068 603 hosti.
2125 564 2132 569 ’
2227 564 2232 567 ·

594 650 730 716 His
760 647 990 726 dictis,
1017 664 1246 711 omnes
1278 664 1415 709 una
1442 643 1766 707 fremuere
1797 642 2079 727 manipli
2105 661 2136 707 τ·

1216 391 1399 461 foi..
1443 388 1869 440 GLAUnlANI
1915 391 1987 439 ν.

2547 668 2556 676 -
2584 620 2719 707 eze

509 757 855 837 Quantum
884 772 1019 817 non
1049 751 1230 815 Italo
1260 768 1581 834 percussa
1609 747 1942 814 Ceraunia
1967 749 2176 813 fluctu
2204 769 2221 815 t

508 861 856 941 Quantum
885 876 1035 935 non.
1046 854 1332 919 madidis
1360 854 1534 937 elisa*
1561 854 1853 933 tonitrua
1883 852 2079 918 Coris
2108 873 2124 916 :

504 962 913 1044 Secernique
940 964 1208 1041 negant,
1238 965 1606 1043 ereptaque
1640 960 1882 1041 praelia
1902 964 2197 1042 poscunt
2220 980 2238 1040 ;

502 1067 975 1148 Insignemque
1006 1063 1573 1147 ducem—populus
1605 1061 1901 1127 defendit
1928 1070 2239 1148 uterque,

505 1169 594 1236 Et
621 1171 753 1235 sibi
786 1169 1073 1254 quisque
1106 1167 1324 1232 trahit.

1416 1167 1671 1249 Magno
1706 1172 2004 1231 certatur
2031 1185 2281 1245 amore,

2587 1165 2724 1231 2025

503 1272 988 1356 Altemamque
1018 1270 1219 1335 fidem
1246 1261 1379 1335 non
1398 1271 1729 1337 illaudata
1758 1271 2035 1335 lacessit

505 1378 1072 1460 Sediti0„talique
1103 1376 1303 1441 simul
1327 1376 1618 1442 clamere
1649 1381 2039 1460 queruntur:

490 1529 647 1593 jubet.
688 1530 820 1579 Post
855 1530 951 1578 lioec
972 1529 1114 1578 verba
1135 1529 1453 1588 Stilichonis,
1477 1544 1633 1578 omues
1661 1533 1861 1577 caterva
1894 1528 2036 1577 simul
2069 1533 2495 1590 murmuraverunt,
2518 1530 2722 1576 tantum

504 1600 730 1659 quantum
755 1596 990 1644 Ceramia
1013 1610 1138 1644 saxa
1157 1611 1251 1661 nen
1268 1595 1521 1652 feriuntur
1540 1595 1683 1644 undis
1705 1595 1857 1642 maris
1877 1593 2103 1643 Ausonii.-
2136 1599 2360 1657 quantum
2381 1593 2599 1652 fulmina
2627 1604 2722 1645 uon

503 1661 787 1710 emittuntur
813 1655 983 1709 Gauri-s
999 1661 1195 1723 pluviis.
1260 1662 1330 1710 Et
1352 1661 1430 1710 hae
1454 1668 1684 1710 catervae
1709 1661 1874 1708 uolunt
1896 1659 2145 1723 separari.-
2174 1675 2230 1707 ac
2258 1664 2478 1722 repetunt
2498 1657 2721 1707 faculta-

501 1732 612 1775 tem
633 1728 866 1774 ademtam
882 1741 1073 1802 pugna.
1138 1727 1295 1788 Atque
1315 1727 1510 1790 populus
1545 1725 1763 1787 geminus
1787 1729 1965 1788 purgat
1988 1726 2173 1774 Ducem
2204 1724 2437 1775 illustrem
2480 1723 2721 1773 Stilicho·

501 1805 640 1852 nem,
662 1795 711 1839 et
723 1791 1045 1853 uuusquisque
1076 1791 1250 1840 tribuit
1269 1792 1380 1841 sibi.
1453 1791 1692 1841 Certatim
1730 1790 2029 1840 contenditur
2063 1791 2381 1840 benevolentia
2413 1797 2627 1840 mutua.
2666 1796 2723 1839 ae

499 1856 729 1915 tumultus
765 1871 857 1906 nou
891 1857 1224 1920 vituperandus
1256 1857 1437 1907 excitat
1459 1857 1617 1923 fidem
1655 1854 1916 1920 utriusque,
1954 1861 2091 1920 atque
2125 1870 2219 1905 una
2254 1860 2601 1919 conqueruntur
2633 1853 2722 1904 tali

1431 1984 1487 2002 00
1492 1983 1664 2003 “00“
1670 1982 1789 2002 ‘'00‘'

496 2067 621 2118 Vat.
644 2072 811 2132 quart.
837 2067 1085 2118 Heinsius
1105 2069 1235 2133 legit
1266 2068 1477 2117 cohibete
1480 2071 1662 2117 .-219
1697 2066 1905 2118 Parcere
1928 2069 2059 2118 Exc.
2093 2069 2313 2118 Lucens.
2357 2081 2465 2116 sec.
2514 2065 2723 2132 Rufinus

494 2133 773 2196 idimperat
794 2135 914 2184 Pat.
956 2141 1012 2186 et
1050 2134 1172 2182 Ald.
1222 2134 1325 2183 orbi
1365 2134 1487 2182 Pnt.
1526 2141 1584 2182 et
1622 2132 1805 2183 Ambr.
1843 2148 1946 2183 sec.
1948 2137 2111 2183 -220
2143 2147 2333 2182 sonuere
2372 2133 2570 2182 Moret.
2612 2144 2719 2183 sec.

495 2196 783 2258 iffremuere
827 2199 970 2249 Prie.
1019 2199 1226 2249 cecidere
1265 2199 1431 2249 Oisel.
1436 2202 1608 2247 —221
1626 2198 1762 2247 allisa
1799 2206 2021 2262 quatuor
2046 2200 2165 2249 Vat.
2190 2199 2340 2251 Rott.
2378 2198 2548 2247 Oisel.
2604 2196 2721 2248 elisa

494 2268 604 2312 vet.
624 2263 710 2327 Gy
715 2279 757 2312 r.
781 2263 961 2314 Ambr.
985 2271 1110 2314 tert.
1135 2266 1264 2313 Exc.
1292 2266 1510 2314 Lucens.
1535 2277 1622 2311 sec
1629 2267 1808 2312 .-222
1844 2264 2019 2312 Cauris
2044 2265 2176 2314 Exc.
2202 2265 2358 2313 Laeti.
2414 2262 2573 2312 choris
2594 2262 2718 2313 Var.

496 2328 604 2378 LL.
623 2328 707 2376 ed.
731 2328 893 2378 Antv.
930 2330 1004 2392 [in
1028 2330 1145 2378 Pal.
1168 2330 1380 2378 Tholos
1405 2327 1590 2378 Ambr.
1613 2336 1740 2379 tert.
1763 2329 1909 2377 Med.
1928 2336 2100 2393 quart.
2126 2337 2182 2378 et
2204 2331 2324 2379 Vat.
2351 2329 2516 2392 quint.
2541 2342 2716 2378 versus

492 2397 614 2442 222.
645 2394 843 2456 legitur
869 2402 992 2443 ante
1014 2394 1314 2457 221.]-223
1350 2394 1681 2457 Secretumque
1719 2408 1839 2442 cum
1876 2394 2066 2444 Glossa
2089 2395 2123 2443 i.
2156 2409 2202 2444 e.
2238 2408 2481 2443 recessum.
2518 2393 2715 2444 Moret.

493 2472 605 2516 sec.
638 2458 967 2525 Secretumque
987 2461 1072 2524 vel
1095 2459 1381 2524 »secernique
1396 2461 1522 2511 Vat.
1541 2467 1664 2510 tert.
1684 2459 1767 2510 hic
1791 2474 1912 2509 vero
1934 2475 2112 2509 versus
2136 2459 2286 2511 deest
2307 2460 2362 2508 in
2384 2459 2561 2510 Vicet.
2587 2459 2715 2510 edit.

494 2529 736 2587 erectaque
759 2540 854 2589 pro
889 2531 1137 2590 ereptaque
1177 2528 1320 2577 Rott.
1355 2527 1538 2577 Ambr.
1582 2541 1690 2576 sec.
1728 2528 1857 2577 Exc.
1900 2526 2104 2576 Gevart
2108 2530 2285 2575 .-225
2318 2527 2443 2586 petit
2469 2540 2603 2575 unus
2615 2540 2716 2589 pro

492 2604 605 2639 var.
628 2590 752 2639 lect.
801 2606 958 2641 amore
979 2591 1082 2640 dno
1107 2590 1288 2642 Ambr.
1327 2593 1458 2642 Exc.
1502 2593 1622 2641 Pat.
1656 2606 1761 2642 rec.
1796 2607 1955 2641 amere
1986 2593 2068 2641 vel
2103 2593 2273 2641 honore
2307 2590 2410 2640 dno
2432 2591 2559 2644 Vat.
2586 2592 2716 2656 Reg.

495 2654 698 2706 Mazar.
722 2655 870 2706 Leid.
893 2671 974 2719 pr.
995 2657 1167 2708 Oxou.
1190 2672 1296 2706 sec.
1322 2659 1447 2707 Lov.
1473 2658 1661 2707 PetaV.
1681 2672 1763 2721 pr.
1796 2658 1967 2707 honore
1989 2657 2242 2707 tredecim
2276 2656 2363 2705 alu
2367 2658 2548 2706 -226
2579 2658 2719 2707 alter·

491 2721 698 2783 uanique
731 2721 904 2771 Vicet.
941 2722 1120 2771 l‘arm.
1142 2722 1310 2772 Colin.
1341 2724 1617 2775 illaudanda
1638 2723 1770 2786 legit
1790 2723 2049 2785 Heinsius,
2068 2722 2203 2787 qnod
2223 2730 2302 2771 est
2325 2722 2378 2771 in
2400 2721 2586 2772 Ambr.
2612 2736 2715 2776 sec.

492 2785 681 2835 lacessit
718 2786 851 2837 Exc.
886 2787 1040 2850 Laeti,
1071 2788 1261 2837 recessit
1286 2788 1439 2838 Rott.
1492 2789 1692 2852 quiescit
1715 2788 1801 2839 ed.
1835 2788 2006 2839 Vicet.
2045 2789 2221 2838 Parm.
2243 2787 2392 2837 Colin
2398 2791 2579 2837 .-227
2612 2801 2727 2851 que.

1505 2901 1717 2952 NOTAE

488 2997 653 3046 redeat
695 2997 831 3047 miles
876 2999 1041 3057 Eoum
1105 2999 1159 3049 id
1204 3005 1318 3061 est;
1381 3001 1569 3050 redeat
1712 3004 1811 3050 222
1849 3001 2011 3066 Coris]
2069 3001 2173 3051 Seu
2216 3001 2420 3064 Cauris,
2457 3001 2475 3030 ⁴
2501 3001 2725 3067 sempev

492 3074 640 3122 miles
662 3072 714 3121 in
737 3075 1023 3138 mollitiam,
1047 3078 1209 3141 qualis
1232 3085 1314 3128 est
1350 3078 1566 3143 populo·
1645 3076 1840 3142 frigora
1860 3078 2196 3143 spirantibuS,
2199 3076 2213 3099 ’
2230 3094 2296 3127 ex
2316 3079 2563 3143 Virgilio.
2586 3081 2713 3131 Cau&

493 3163 606 3196 rum
634 3148 798 3198 Orien
806 3150 890 3201 tis.

498 3227 503 3232 '
556 3228 656 3274 219
691 3225 895 3291 Rufinus
933 3228 1177 3292 proecipit]
1230 3229 1375 3279 Nihil
1415 3235 1562 3280 certe

493 3290 560 3349 ad
582 3300 825 3350 invidiam
862 3303 1048 3353 Rufino
1072 3306 1445 3357 conciliandam
1472 3322 1562 3371 po·

1642 3170 1730 3204 rus
1767 3161 1942 3205 autem
1990 3155 2193 3205 Graecis
2250 3152 2488 3220 ὰργέστης
2526 3157 2711 3209 ventus

1641 3240 1739 3295 est,
1760 3234 1849 3297 qni
1871 3232 1964 3283 flat
1983 3233 2047 3284 ab
2067 3235 2274 3284 Occasu
2294 3235 2586 3288 solstitiali.

1704 3314 1801 3360 223
1835 3312 2054 3374 Secerni]
2101 3313 2306 3362 Nolunt
2338 3314 2572 3377 separari
2594 3329 2628 3365 a
2654 3324 2711 3365 se

492 3380 719 3427 tentius:
775 3395 894 3429 cum
933 3381 1087 3445 hujus
1121 3382 1357 3446 imperio,
1400 3384 1562 3433 etiam
1637 3387 1880 3453 invicem,
1945 3390 2039 3438 sed
2101 3395 2351 3453 repetunt
2407 3389 2707 3460 facultatem

490 3454 868 3517 pulcherrima
854 3466 1082 3523 mcoepta
1101 3460 1394 3527 relinquere
1410 3475 1563 3525 opor-

490 3538 622 3581 teat.

496 3665 505 3676 Q
554 3612 648 3657 221
688 3610 931 3667 Quantum
966 3630 1060 3664 uon
1101 3615 1362 3681 Ceraunia]
1415 3618 1562 3667 Mur-

487 3687 805 3737 mur-antium
844 3697 1173 3742 catervarum
1205 3692 1444 3745 fremitus
1479 3710 1562 3743 su-

487 3762 712 3825 perabat
729 3780 993 3817 murmura
1024 3767 1265 3830 fluminis,
1286 3780 1342 3821 et
1372 3770 1561 3822 fluctu·

489 3851 577 3887 um
601 3840 860 3891 Ceraunia
895 3844 1293 3897 verberantium.
1363 3848 1556 3898 Cerau-

487 3914 578 3964 nia
599 3922 773 3966 autem
793 3925 912 3968 sunt
933 3935 1056 3968 saxa
1078 3913 1258 3985 Epiri
1248 3939 1298 3972 m
1325 3925 1553 3989 Graecia,

487 3992 687 4043 crebris
740 3992 1038 4045 fulminibus
1100 3999 1168 4046 ob
1221 4002 1555 4054 altitudinem

487 4069 697 4139 percuti
737 4071 919 4120 solita.
982 4074 1119 4123 nude
1146 4076 1422 4140 dicuntur,
1460 4080 1555 4129 ἀπὸ

486 4146 738 4208 Κεραυνοῦ,
759 4145 1036 4205 afulmine:
1075 4152 1168 4200 sed
1193 4161 1249 4201 ct
1281 4155 1555 4206 verberan-

487 4227 576 4292 tur
616 4222 863 4273 fluctibus
905 4226 1061 4276 maris
1114 4227 1270 4292 Ionii,
1319 4231 1456 4295 quod
1501 4238 1559 4282 et

486 4297 774 4353 Ausonium
796 4307 853 4353 et
874 4302 1069 4356 Italum
1091 4307 1412 4372 appellatur.

1641 3465 1926 3529 pugnandi,
1963 3464 2138 3515 Rufini
2180 3465 2366 3516 fraude
2416 3468 2515 3518 sibi
2565 3483 2711 3534 erep-

1643 3549 1769 3593 tam.

1707 3623 1805 3670 224
1839 3620 2048 3685 Populus
2100 3620 2319 3684 uterque]
2371 3621 2605 3686 Populus
2642 3637 2707 3673 ex

1642 3697 1873 3762 Imperio
1915 3699 2141 3761 gemino,
2174 3698 2392 3748 Arcadii
2430 3699 2706 3750 scilicetet

1640 3776 2162 3841 Honorii,collectns‚
2178 3782 2363 3826 contra
2382 3775 2560 3828 Rufini
2572 3774 2707 3826 fran-

1642 3852 1735 3902 des
1755 3851 1988 3903 defendit
2009 3868 2101 3903 seu
2120 3859 2309 3917 purgat
2345 3855 2548 3903 Ducem
2569 3852 2706 3903 Stili-

1642 3929 1879 3990 chonem,
1924 3937 1979 3979 et
2025 3929 2087 3978 ad
2123 3945 2239 3979 suas
2283 3931 2497 3995 quisque
2535 3935 2706 3993 partes

1643 4020 1762 4055 enm
1808 4006 1984 4055 trahit.
2051 4007 2251 4056 Milites
2293 4006 2434 4056 enim
2473 4005 2702 4061 Orientis

1640 4083 1915 4145 abeuntes,
1953 4098 2071 4133 enm
2115 4084 2335 4147 cupiunt
2369 4083 2561 4134 habere
2594 4083 2703 4131 Du·

1638 4173 1786 4209 cem:
1824 4167 2007 4212 contra
2027 4160 2217 4211 milites
2256 4160 2563 4214 Occidentis
2585 4172 2700 4212 eum

1638 4236 1738 4287 sihi
1764 4236 2023 4288 tribuant.

1702 4314 1801 4363 227
1832 4311 2044 4377 Seditio]
2109 4314 2387 4368 Tumultus
2417 4313 2699 4372 hudnbilis
