2925 4928
823 422 936 474 nn·
959 409 1249 469 “MALml
1287 411 1578 466 wfremor).
1627 413 1847 469 cous,
2067 474 2070 477 ,
2303 388 2447 461 44³

224 573 553 658 ‘Instrepis
582 569 1004 649 horrendum,
1034 569 1300 634 fremitu
1327 586 1456 631 nec
1481 565 1758 631 verbera
1785 559 2049 647 posciS.
2127 558 2131 562 ’

220 676 370 755 Qui
397 677 633 742 fruitur
663 694 887 760 poena,
918 673 1095 738 ferus
1123 676 1243 750 est,
1272 671 1629 752 legumque
1660 666 1924 732 videtur

221 778 610 845 Vindictam
639 784 956 863 praestare
988 778 1158 841 sibi:
1207 795 1358 839 cum
1390 775 1652 837 viscera
1679 771 1835 836 felle
2305 762 2441 829 2⁴25

227 881 634 947 Canduerint
657 901 674 961 3
721 881 906 944 ardet
934 879 1242 955 stimuliS,
1270 873 1608 959 ferturque
1635 872 1924 938 nocendi

224 985 589 1067 ProdiguS,
621 987 886 1067 ignat-us
915 1003 1168 1048 causae.
1260 982 1414 1045 Diis
1447 980 1793 1063 proximus
1825 977 1937 1040 ille
1969 980 2094 1053 est,

228 1087 450 1167 Quem
479 1088 675 1165 rati0,
701 1106 838 1150 non
864 1088 985 1165 ira,
1016 1091 1276 1149 movet:
1324 1083 1466 1168 qui,
1496 1081 1678 1148 facta
1709 1079 2096 1163 rependens,

227 1190 531 1257 Consilio
563 1191 797 1274 punire
828 1194 1072 1273 potest.
1164 1187 1493 1260 Mucrone
1521 1187 1789 1248 cruento

225 1294 318 1357 Se
336 1293 597 1377 jactent
626 1293 764 1370 alii,
796 1292 1102 1366 studeant
1131 1290 1391 1356 feritate
1419 1286 1659 1378 timeri,
2311 1279 2445 1347 230

226 1394 657 1481 Addictoque
685 1395 1023 1459 hominum
1052 1395 1388 1459 cumulent
1411 1392 1650 1457 aeraria
1678 1409 1906 1454 censu.
2162 1379 2167 1384 ’

224 1579 371 1628 neque
394 1562 598 1624 frendes
616 1580 815 1627 unquam
837 1564 1054 1613 dentibus
1074 1562 1378 1621 horribiliter,
1415 1574 1562 1624 neque
1592 1559 1718 1622 petis
1742 1553 1943 1621 flagella
1965 1554 2275 1613 vociferando.
2344 1552 2448 1609 Qua·

225 1630 487 1679 delectatur
508 1631 740 1690 cruciatu,
761 1629 963 1677 crudelis
982 1637 1068 1690 est,
1091 1645 1147 1677 ac
1167 1629 1357 1677 videtur
1377 1629 1586 1688 proebere
1604 1624 1694 1671 sibi
1713 1624 1934 1673 ultionem
1957 1622 2126 1683 legum.
2183 1622 2305 1668 Cum
2323 1633 2449 1681 proe-

225 1697 385 1743 cordia
408 1695 522 1760 ejus
542 1696 732 1744 incensa
751 1694 944 1754 fuerint
966 1694 1154 1756 furore,
1180 1692 1503 1756 inflammatur
1536 1690 1771 1739 desiderio
1808 1688 1964 1746 male,
1999 1691 2044 1735 et
2067 1685 2259 1748 rapitur
2279 1686 2341 1732 ad
2360 1698 2445 1731 no·

225 1762 422 1810 cendum
440 1761 627 1821 largius
646 1760 821 1808 inscius
840 1775 1005 1808 causae.
1074 1760 1165 1809 Ille
1183 1757 1359 1806 similis
1380 1762 1448 1805 est
1472 1756 1605 1816 Diis,
1627 1770 1759 1818 quem
1782 1754 1917 1801 ratio
1927 1751 2111 1816 flectit,
2144 1766 2234 1799 non
2255 1749 2444 1797 iracun-

226 1826 306 1873 dia
323 1841 340 1873 .’
370 1826 450 1889 qui
471 1825 769 1873 considerans
786 1826 1008 1886 actiones,
1038 1829 1191 1888 potest
1211 1823 1447 1884 castigare
1481 1836 1570 1870 sua
1591 1820 1861 1883 prudentia,
1884 1832 1985 1865 uon
2010 1816 2149 1865 odio.
2216 1814 2322 1863 Atii
2340 1815 2445 1876 galo-

225 1891 412 1939 rientur
432 1891 674 1940 securibus
694 1891 903 1955 nudatis,
929 1891 1075 1940 velint
1084 1889 1345 1950 formidari
1355 1886 1633 1949 ferocitate,
1668 1890 1716 1934 et
1739 1885 1949 1949 repleant
1956 1881 2130 1948 fiscum
2153 1877 2443 1941 adjudicatis

1161 2020 1277 2038 “‘O
1284 2017 1486 2037 ecee-000
1493 2015 1521 2035 O

228 2086 524 2151 neg-223
562 2088 758 2151 Impetis
786 2088 1024 2138 horrorem
1065 2087 1206 2137 Prie.
1258 2088 1485 2144 horrende
1508 2085 1607 2134 inc.
1632 2082 1814 2133 Heius.
1869 2081 2103 2130 horrendo
2125 2078 2247 2127 Vat.
2270 2090 2350 2140 pr.
2374 2089 2446 2127 m.

230 2166 308 2219 ρι’.
340 2154 586 2203 horrendis
612 2153 789 2204 Ambr.
806 2169 884 2217 pr.
909 2156 1099 2203 Moret.
1125 2168 1230 2203 sec.
1253 2152 1482 2214 fremitus
1506 2152 1623 2200 Pat.
1663 2148 1921 2210 fremitum
1944 2146 2127 2194 Petav.
2154 2151 2275 2191 tert.
2327 2148 2451 2190 stre·

222 2219 334 2283 pitu
372 2219 500 2270 Jun.
543 2234 621 2284 pr.
664 2218 870 2279 fremitu
903 2220 989 2267 vel
1015 2220 1219 2282 strepitu
1254 2219 1399 2268 Med.
1448 2223 1570 2266 tert.
1619 2215 1793 2264 Oxou.
1841 2227 1944 2261 sec.
2001 2209 2207 2259 membra
2245 2207 2451 2269 reposcis

228 2285 335 2346 inc.
358 2283 541 2334 Heius.
564 2300 633 2334 m.
654 2300 730 2347 pr.
765 2285 904 2333 verba
922 2284 1124 2348 reposcis
1145 2284 1286 2334 Leid.
1305 2299 1384 2347 pr.
1407 2282 1509 2332 duo
1529 2281 1702 2330 Oxon.
1726 2279 1844 2328 Vat.
1867 2292 1971 2326 sec..
2000 2277 2113 2323 Pal.
2144 2275 2280 2323 Prie.
2300 2274 2447 2321 Rott.

233 2350 395 2400 Oisel.
419 2350 567 2399 Med.
593 2356 761 2413 quart.
784 2351 980 2399 Thuau.
1003 2350 1197 2399 Mazar.
1221 2350 1324 2398 duo
1345 2349 1533 2397 Petav.
1560 2348 1693 2409 Reg.
1718 2360 1784 2393 m.
1808 2358 1886 2407 pr.
1912 2343 2112 2391 Bonon.
2139 2339 2240 2387 duo
2265 2336 2448 2388 Ambr-

232 2416 359 2466 Lov.
384 2415 518 2466 Exc.
534 2415 744 2464 Schott.
772 2415 986 2464 Gevart.
1009 2416 1232 2464 LucenS.
1254 2430 1335 2479 pr.
1361 2414 1444 2463 ed.
1471 2414 1642 2461 vicet.
1666 2412 1790 2462 Var.
1813 2410 1915 2458 LL.
1941 2405 2023 2455 ed.
2045 2405 2200 2453 Antv.
2255 2402 2449 2451 verbera

226 2484 380 2546 poscis
417 2482 505 2530 vel
542 2481 681 2530 verbu
702 2481 900 2544 reposcis
924 2481 1114 2530 Moret.
1158 2495 1235 2544 pr.
1276 2482 1457 2529 Petav.
1504 2486 1628 2527 tert.
1664 2477 1764 2525 duo
1793 2476 2108 2523 vam—224
2139 2471 2289 2533 poenis
2324 2469 2448 2519 Vat-

232 2548 394 2611 quint.
429 2549 670 2609 legumque
692 2547 898 2607 videtur,
921 2547 1004 2594 vel
1027 2562 1109 2595 nec
1130 2547 1233 2609 lege
1255 2550 1466 2595 movetur
1487 2545 1680 2594 Moret.
1705 2544 1943 2604 pr.--225
1977 2544 2170 2600 patrare
2208 2534 2289 2584 vel
2324 2549 2450 2597 prae-

231 2620 359 2662 sture
380 2614 503 2661 Vat.
537 2613 701 2676 quint.
751 2613 828 2660 cui
850 2615 1027 2668 viscera
1065 2621 1172 2660 vet.
1197 2611 1326 2675 Gyr.
1381 2611 1514 2658 stelle
1534 2609 1656 2656 Var.
1682 2609 1785 2656 LL.
1810 2605 1893 2653 ed.
1922 2603 2246 2651 Antv.-—226
2278 2601 2451 2648 ardeae

232 2678 353 2732 Pat.
397 2678 623 2742 ferroque
663 2678 766 2726 inc.
809 2678 1154 2727 HeiuS.-—227
1190 2691 1315 2724 σανα»
1345 2676 1472 2725 Lov.
1524 2675 1602 2722 ille
1636 2673 1759 2722 Vat.
1800 2684 1903 2719 sec.
1931 2668 2046 2717 Pal.
2074 2667 2215 2715 Med.
2239 2679 2320 2728 pr.
2346 2664 2451 2715 inc.

234 2740 417 2795 Heius,
461 2743 642 2793 Ambr.
676 2757 781 2791 sec.
831 2744 912 2791 ille
947 2748 1017 2791 est
1054 2751 1161 2792 tres
1195 2743 1343 2790 Vatt.
1369 2738 1681 2790 Farn.Pric.
1717 2739 1862 2786 Rott.
1905 2733 2232 2781 Oisel.—228
2267 2734 2451 2778 movent

231 2808 333 2857 inc.
376 2809 564 2861 Heius,
615 2810 890 2870 reprendens
912 2809 1108 2856 Mazar.
1133 2808 1263 2855 Exc.
1299 2807 1521 2856 Gevart.
1576 2816 1800 2866 reponens
1841 2799 1923 2849 vel
1959 2800 2218 2862 rependens
2254 2795 2452 2857 Reg.--

231 2878 328 2923 229
360 2874 550 2923 munire
571 2874 693 2922 Vat.
721 2889 798 2936 pr.
823 2888 889 2925 m.
914 2876 1161 2935 pru—230
1182 2872 1373 2932 jactant
1394 2871 1519 2922 Jun.
1540 2882 1617 2932 pr.
1643 2869 1834 2917 Moret.
1854 2879 1959 2915 sec.
1985 2864 2111 2912 Put.
2133 2863 2255 2909 Vat.
2281 2860 2449 2924 quint.

231 2939 342 2988 aliis
360 2939 488 2989 Vat.
514 2953 592 3003 pr.
615 2955 679 2989 m.
702 2955 779 3002 pr.
839 2938 1048 3001 Tyranni
1073 2937 1152 2986 vel
1175 2936 1333 2984 timeri
1351 2937 1540 2985 Petav.
1575 2948 1654 2996 pr.
1680 2933 1783 2981 duo
1806 2931 2111 2984 Vaut—231
2147 2926 2453 2988 Addua-toque

235 3003 407 3054 Oxou.
431 3019 515 3068 pr.
542 3020 609 3053 m.
626 3020 726 3053 sec.
760 3004 1052 3066 Addictoque
1069 3003 1300 3055 Florent.
1325 3007 1548 3066 quatuor
1574 2998 1717 3047 Med.
1741 2999 1860 3047 Put.
1879 2997 2011 3057 Reg.
2033 2994 2230 3043 ΤΙιιιειιι.
2256 2992 2451 3040 Mazar-

233 3075 340 3119 tres
364 3070 555 3120 Petav.
577 3071 777 3118 Bonon.
803 3070 923 3117 Pat.
948 3070 1153 3117 Tholos.
1183 3068 1376 3115 Moret.
1402 3081 1504 3115 sec.
1543 3067 1671 3115 Lov.
1712 3072 1817 3112 tres
1846 3061 2025 3110 Ambr.
2061 3060 2192 3107 Exc.
2231 3057 2449 3106 Gevart.

233 3135 455 3185 Lucem.
479 3150 559 3200 ρι’.
576 3135 696 3184 Ald.
722 3135 803 3183 ed.
825 3134 999 3184 Parm.
1018 3141 1072 3183 et
1092 3134 1268 3182 Vicet.
1292 3124 1891 3193 Addictumque—censum
1913 3128 2032 3176 Vat.
2055 3125 2251 3189 quinta.
2273 3123 2454 3171 nimum

233 3201 441 3252 Tholos.
477 3201 626 3250 'omni
646 3200 790 3249 Prie.
843 3200 1051 3249 animum
1089 3199 1172 3248 vel
1205 3197 1447 3249 hominum
1479 3197 1607 3260 Reg.
1632 3195 1802 3244 Oxon.
1826 3207 1929 3243 sec.
1984 3191 2203 3240 simulent
2224 3188 2346 3239 Jun.
2368 3200 2450 3251 ρι’.

1234 3369 1456 3423 NOTAE

243 3498 252 3503 ”
298 3494 398 3541 224
436 3489 535 3546 Qui
545 3488 760 3552 fruitur]
816 3488 999 3538 Ferina
1031 3486 1200 3536 rabies
1224 3492 1305 3534 est
1446 3488 1546 3534 230
1581 3479 1861 3543 Sejactent]
1908 3475 2196 3527 Barbarum
2223 3476 2305 3521 est
2335 3470 2453 3536 jaeo·

239 3572 488 3636 sanguine
512 3578 569 3620 et
582 3570 879 3620 vulneribus
899 3569 1145 3632 gaudere.
1180 3567 1196 3595 ‘
1215 3565 1304 3629 Ῑρ-
1385 3564 1568 3613 tantiae
1589 3574 1770 3623 genuS,
1784 3555 1987 3621 gloriari
2008 3567 2099 3602 sua
2120 3548 2455 3610 crudelitate,

239 3661 292 3698 se
329 3650 479 3698 Nero
513 3649 770 3699 subtraxit
810 3647 1006 3709 oculos,
1042 3643 1303 3709 jussitque
1386 3655 1505 3704 quae
1544 3638 1620 3686 ita
1657 3633 1921 3698 displicuit
1953 3630 2238 3690 veteribus,
2280 3634 2339 3676 ut
2361 3639 2454 3674 nea

239 3726 451 3786 scelera,
472 3740 577 3774 non
601 3723 895 3788 spectavit.’
948 3723 1176 3772 Tacitus.
1387 3715 1599 3781 quidem
1622 3727 1740 3761 cum
1761 3711 1895 3760 cocis
1914 3715 1970 3758 et
1987 3705 2323 3757 venatoribus
2343 3701 2453 3751 ani-

302 3800 598 3865 Legumque]
634 3802 857 3850 Videtur
878 3799 1160 3849 vindictam
1186 3811 1306 3846 exe·
1386 3794 1595 3842 malium
1637 3788 1884 3852 sauguine
1928 3781 2270 3849 gaudentibus
2309 3778 2454 3828 habi-

246 3879 347 3943 qui,
369 3894 475 3929 non
500 3886 558 3928 ut
583 3887 765 3941 pareat
787 3877 1005 3942 legibus,
1028 3875 1121 3925 sed
1145 3881 1203 3924 ut
1220 3889 1308 3938 pa·
1387 3878 1499 3921 tare
1521 3868 1855 3918 sustinerent.
1912 3863 1972 3910 ln
1994 3875 2139 3910 sacra
2158 3858 2452 3922 Scriptura,

245 3959 354 4006 reat
374 3958 482 4006 suis
502 3955 799 4017 affectibus,
824 3970 930 4005 suae
954 3953 1266 4005 crudelitati.
1305 3976 1310 3981 ·
1386 3950 1402 3978 ‘
1430 3947 1692 3998 Robustus
1734 3948 1948 3991 venator
1992 3953 2166 3988 coram
2213 3930 2453 3984 Domino’

221 4060 225 4065 ·
305 4038 400 4084 227
435 4033 706 4097 Prodigus]
758 4034 928 4084 Nimis
964 4034 1111 4096 larga
1152 4044 1306 4080 manu
1385 4025 1557 4089 arguit
1582 4022 1791 4086 impium
1816 4026 1870 4068 et
1892 4016 2168 4068 crudelem.

247 4114 416 4178 pur-nas
435 4108 643 4172 infligit.
1450 4107 1547 4153 231
1581 4100 1788 4150 Addicto
1810 4095 1968 4158 censu]
2002 4091 2281 4144 Cumulent
2301 4096 2453 4141 arcas

250 4188 260 4197 ⁶
311 4188 517 4249 ῙὲΜΝΒ
535 4186 712 4248 cataeae]
742 4186 1022 4237 Iracundia
1037 4191 1090 4242 et
1108 4183 1307 4249 cupidi·
1382 4195 1500 4230 suas
1534 4176 1681 4228 bonis
1723 4175 1925 4235 alienis,
1959 4171 2078 4220 dum
2121 4164 2453 4235 proscribunt

253 4270 329 4315 tas
363 4276 468 4314 non
497 4265 684 4314 sinunt
717 4280 834 4313 eum
873 4263 1219 4328 perpendere,
1239 4274 1307 4311 an
1384 4266 1441 4308 et
1459 4256 1588 4307 fisco
1608 4251 1856 4304 addicunt
1877 4249 2091 4300 aliorum
2115 4243 2369 4298 fortunas.
2452 4266 2457 4271 »

254 4356 400 4394 causa
419 4344 490 4394 sit
512 4356 682 4411 poenae
704 4340 1018 4408 infligendaec
