2925 4928
888 437 1025 488 ‘DB
1072 438 1176 488 IV.
1223 437 1436 487 coNS.
1483 437 1767 486 Horum.

224 588 617 655 ‘Munificus
646 587 837 672 largi,
862 587 987 653 sed
1015 593 1147 652 non
1175 592 1242 652 et
1269 584 1620 670 prodiguS‚
1656 585 1827 650 auri.
1899 583 1908 592 '
2321 581 2456 649 500

252 692 579 757 Perdurat
606 712 739 756 non
769 697 949 756 emta
976 691 1188 754 fides:
1235 710 1362 754 nec
1393 696 1669 773 pectora
1690 707 1942 753 merces

249 794 530 879 Alligat.
619 795 787 880 Ipsa
817 814 939 859 suo
965 814 1089 878 pro
1118 794 1393 877 pignore
1426 798 1648 857 castra
1674 792 2010 857 laborant.

247 899 343 963 Te
372 900 571 963 miles
593 900 878 963 nutritor
905 903 1102 963 amat.
1191 896 1368 976 Quae
1398 897 1679 981 denique
1707 896 1955 960 Romae

252 1001 427 1067 Cura
457 1003 632 1068 tibi‘l
678 1022 875 1087 quam
907 1001 1049 1066 fixa
1070 1009 1293 1066 manet
1315 1001 1685 1067 reverentia
1712 1001 1988 1066 Patrum
2007 1002 2037 1064 'l

251 1106 586 1171 Firmatur
612 1106 871 1170 senium
893 1104 1094 1189 juriS‚
1118 1105 1546 1189 priscamque
1570 1105 1920 1169 'resumunt

250 1209 586 1275 Canitiem
613 1210 818 1291 leges,
849 1207 1411 1291 emendanturque
1441 1212 1743 1286 vetustae,

247 1312 731 1396 Acceduntque
759 1330 985 1377 novae.
1073 1308 1308 1375 Talem
1338 1329 1603 1375 sensere
1632 1310 1944 1374 Solonem

250 1416 395 1480 Res
425 1415 827 1481 Pandioniae
852 1436 868 1479 :
916 1415 1015 1479 sic
1045 1416 1443 1498 armipotens
1476 1415 1928 1479 Lacedaemon

251 1520 595 1605 Despexit
619 1538 844 1584 muros
872 1518 1088 1604 rigido
1119 1518 1364 1584 munita
1396 1517 1727 1603 Lycurgo,

245 1706 325 1755 sed
347 1711 524 1755 tamen
557 1720 653 1753 non
686 1719 741 1755 es
776 1702 1011 1768 profusus.
1078 1704 1127 1753 F
1127 1704 1227 1753 ides
1258 1719 1350 1753 non
1388 1709 1514 1752 emto
1544 1709 1769 1766 remanet,
1802 1719 1944 1768 neque
1966 1706 2143 1754 lucrum
2176 1701 2461 1765 constringit

248 1772 408 1819 corda.
479 1771 606 1835 Ipsae
623 1771 836 1820 cohortes
864 1770 1061 1819 solicita*
1080 1775 1191 1818 sunt
1223 1785 1310 1833 pro
1328 1784 1411 1817 suo
1434 1785 1605 1819 amore.
1672 1770 1858 1819 Milites
1880 1771 2050 1819 altores
2083 1769 2289 1831 diligunt
2322 1774 2390 1830 te,
2429 1784 2461 1817 ο

249 1836 471 1886 Honori.
542 1835 678 1891 Quod
697 1837 883 1884 demum
904 1840 973 1884 est
1006 1835 1213 1883 studium
1238 1836 1556 1884 Romanorum
1591 1851 1681 1898 pro
1719 1836 1804 1884 te?
1854 1836 2007 1892 Quom
2027 1835 2179 1901 infixa
2204 1835 2371 1883 animo
2391 1838 2462 1882 est

248 1901 493 1950 veneratio
517 1899 800 1950 Senatorum
824 1901 875 1949 in
899 1899 983 1950 te?
1031 1901 1118 1950 Sic
1152 1900 1414 1963 antiquitas
1443 1900 1823 1949 consuetudinum
1844 1900 2102 1962 stabilitur,
2125 1905 2171 1949 et
2195 1901 2322 1961 leges
2342 1901 2462 1947 reei-

243 1966 387 2029 piunt
408 1966 723 2015 reverentiam
744 1968 1002 2029 antiquam,
1018 1981 1073 2012 ae
1094 1970 1274 2014 veteres
1294 1966 1616 2027 corriguntur,
1649 1981 1864 2028 novaeque
1885 1967 2141 2015 adduntur.
2208 1965 2463 2027 Imperium

248 2031 615 2080 Atheniensium
632 2037 882 2095 expertum
901 2036 972 2080 est
994 2031 1211 2080 Solonem
1230 2031 1372 2080 talem
1386 2048 1402 2079 .·
1451 2032 1524 2080 ita
1553 2031 1732 2095 Sparta
1753 2032 1967 2081 bellicosa
1989 2030 2124 2091 fretu
2147 2030 2346 2094 legibus
2368 2029 2464 2092 Ly·

1181 2177 1240 2196 Ν
1244 2177 1479 2197 ‘mOm
1482 2177 1540 2196 ‘O

137 2279 149 2296 “
251 2282 333 2325 tos
347 2289 463 2325 esse
483 2274 539 2326 in
567 2276 695 2327 Var.
715 2277 821 2326 LL.
837 2275 920 2326 ed.
946 2275 1264 2326 Antv.-500
1287 2276 1415 2338 larg-i
1431 2276 1624 2326 PetaV.
1649 2291 1729 2339 pr.
1751 2290 1822 2324 m.
1849 2289 1954 2325 sec.
1977 2274 2148 2324 Oxon.
2174 2288 2255 2339 pr.
2312 2274 2470 2336 largis·

250 2341 401 2391 Med.
423 2348 552 2392 tert.
576 2343 792 2406 Raphel.
815 2342 1002 2405 Isingr.
1022 2343 1220 2391 Thuan.
1239 2343 1361 2391 Var.
1385 2342 1494 2391 LL.
1519 2342 1601 2391 ed.
1625 2341 1782 2391 Antv.
1816 2342 1968 2389 laudis
1988 2354 2162 2389 omnes
2185 2340 2330 2389 Vatt.
2348 2338 2468 2388 Pan

250 2407 408 2458 Farn.
432 2407 579 2456 Prie.
606 2409 751 2458 Rott.
774 2407 939 2457 Oisel.
964 2410 1089 2460 Jun.
1111 2421 1192 2473 pr.
1217 2407 1390 2457 Oxon.
1415 2421 1521 2456 sec.
1545 2407 1647 2455 duo
1669 2407 1813 2456 Leid.
1831 2405 2011 2455 Barth.
2061 2405 2188 2467 largi
2209 2407 2293 2455 vel
2314 2405 2472 2454 laudis

250 2474 401 2538 Regf
421 2474 548 2523 lauti
571 2475 875 2539 conjecerat
898 2473 1080 2525 Heius,
1136 2489 1231 2522 non
1253 2488 1302 2522 es
1322 2474 1442 2522 Vat.
1466 2474 1635 2538 quint.
1701 2489 1794 2522 non
1815 2479 1863 2521 et
1889 2473 2068 2534 viginti
2093 2486 2183 2520 sex
2207 2471 2315 2533 alii,
2335 2470 2468 2519 Exc.

248 2539 476 2589 Lucens.
516 2554 596 2602 pr.
634 2539 821 2589 Sched.
847 2539 984 2589 Gud.
1008 2538 1129 2589 Ald.
1165 2547 1221 2589 et
1255 2540 1380 2588 'Var⁶
1414 2540 1522 2589 LL.
1555 2553 1586 2587 e
1623 2553 1782 2601 marg.
1804 2539 2138 2586 Parn1.—501
2172 2551 2265 2585 non
2282 2542 2470 2599 pectore

250 2603 436 2654 Ambr.
462 2609 755 2654 terh—504
788 2620 892 2668 quoe
915 2605 1030 2670 fixa
1052 2605 1182 2669 Reg.
1199 2604 1327 2654 Jun.
1352 2618 1428 2666 pr.
1496 2604 1726 2652 sentenfia
1746 2604 1917 2651 Oxou.
1939 2617 1967 2649 a
1990 2617 2059 2650 m.
2088 2616 2167 2664 pr.
2233 2601 2468 2650 sententia

250 2671 333 2718 vel
353 2671 626 2719 rever-mia
646 2670 819 2720 Oxou.
842 2674 1109 2719 sem—505
1150 2669 1387 2718 firmavit
1407 2670 1441 2720 J
1447 2684 1531 2718 nn.
1555 2673 1799 2731 pr.—5o6
1832 2671 2040 2716 nehesta-9
2060 2668 2094 2718 J
2102 2671 2348 2715 un.—-·507
2372 2666 2468 2714 Ae·

251 2736 544 2799 conduntque
565 2735 688 2784 Vat.
713 2736 877 2799 quint.
924 2733 1140 2783 Solonem
1160 2735 1280 2783 Vat.
1307 2741 1424 2783 tert.
1450 2734 1614 2784 Oisel.
1639 2734 1781 2783 Med.
1807 2739 1929 2782 tert.
1953 2733 2150 2781 Mazar.
2170 2733 2364 2781 Mor-et.
2387 2745 2465 2794 pr.

251 2804 419 2850 -509
455 2801 562 2849 Hic
587 2814 773 2856 versus,
789 2800 939 2849 deest
960 2801 1106 2849 Vatt.
1133 2798 1389 2861 omnibuS,
1413 2808 1635 2863 quatuor
1655 2798 1802 2847 Med.
1821 2798 1989 2846 tribus
2008 2797 2190 2846 PetaV.
2215 2805 2271 2846 et
2287 2795 2468 2845 Ambr.
2527 2839 2530 2841 ,

249 2879 349 2914 nee
372 2880 479 2914 non
505 2865 625 2915 Pal.
647 2867 802 2915 Farn.
822 2866 971 2914 Rott.
996 2864 1159 2915 Oisel.
1180 2865 1410 2914 Florent.
1434 2868 1536 2914 inc.
1559 2864 1740 2913 Heius.
1758 2864 1879 2912 Put.
1906 2863 2038 2923 Reg.
2053 2863 2246 2912 Thnan.
2275 2863 2470 2911 Mazar.

252 2928 377 2979 Pat.
398 2932 608 2980 Bonon.
628 2931 833 2980 Tholos.
853 2931 979 2985 Lov.
1002 2930 1128 2981 Jun.
1161 2945 1239 2992 pr.
1282 2929 1483 2979 duobus
1522 2929 1669 2979 Leid.
1703 2937 1759 2978 et
1793 2929 1968 2978 Oxou.
1994 2928 2238 2977 ambobus
2273 2928 2470 2976 Moret.

252 2995 382 3045 Exc.
407 2996 634 3046 LucenS.
657 3011 734 3061 pr.
759 2996 886 3045 item
915 2995 1036 3044 Ald.
1062 2994 1146 3044 ed.
1170 2996 1342 3044 Parm.
1366 3002 1423 3044 et
1443 2995 1619 3045 Vicet.
1645 3001 1700 3044 et
1733 2996 1860 3044 Var.
1883 2994 1993 3043 LL.
2030 2993 2115 3041 ed.
2146 2992 2306 3042 Antv.
2374 2992 2470 3041 Re-

1258 3143 1480 3195 NOTAE

260 3266 265 3273 ’
315 3279 411 3325 501
451 3273 623 3337 Fides]
687 3273 843 3324 Fides
876 3274 1095 3325 militurn
1120 3289 1248 3340 erga
1269 3280 1324 3325 te

252 3352 527 3421 perdurat,
570 3351 769 3401 stabilis
810 3359 909 3414 est,
961 3352 1052 3402 sed
1098 3366 1201 3401 non
1242 3359 1326 3402 est

254 3430 596 3492 mercenaria,
620 3435 674 3478 et
695 3430 843 3479 lucro
860 3430 1096 3494 quaesita,
1115 3429 1206 3479 sed
1230 3444 1327 3494 per

254 3506 471 3555 virtutes
496 3506 736 3555 tuas-tibi
759 3506 1054 3556 conciliata.

266 3604 271 3607 ·
321 3584 532 3647 Merces]
596 3584 719 3633 Non
738 3585 941 3633 lucrum
962 3585 1060 3634 tibi
1081 3583 1328 3634 conciliat

256 3660 486 3727 ligatque
510 3660 727 3722 animoa„
750 3661 840 3708 sed
865 3662 1026 3709 virtus
1050 3666 1157 3711 tua.
1214 3659 1327 3724 Ipsi

260 3739 467 3802 milites,
487 3738 578 3805 qui
618 3744 675 3787 te
711 3738 849 3786 inter
887 3737 1036 3800 signa
1072 3735 1331 3799 aluerunt,

259 3824 314 3865 te
358 3821 634 3880 spectant3
690 3814 924 3876 laborant,
968 3813 1155 3871 soliciti
1205 3819 1328 3862 sunt

258 3903 444 3959 prote,
466 3900 527 3944 ut
551 3908 647 3957 pro
671 3892 785 3942 veri
805 3891 883 3941 sui
904 3891 1089 3941 amoris
1112 3904 1328 3940 venera·

259 3971 352 4022 bili
373 3972 615 4035 pignore.

324 4053 418 4098 504
468 4046 761 4096 Reverentia
810 4043 1038 4107 Patriam]
1118 4044 1330 4094 Marcus

264 4125 577 4189 Imperator,
616 4125 703 4172 vel
742 4124 796 4171 in
837 4122 990 4172 rebus
1014 4121 1331 4186 arctissimis,

264 4218 363 4253 non
381 4201 649 4267 capiebat,
672 4200 767 4249 sed
805 4199 1023 4263 petebat
1053 4197 1331 4261 pecuniam

267 4295 298 4328 a
314 4280 524 4341 Senatu,
540 4278 675 4328 adeo
697 4291 818 4326 eum
840 4274 1216 4326 venerabatur!

328 4361 421 4407 506
455 4354 721 4417 Canitiem]

1404 3276 1562 3340 mine,
1584 3276 1658 3327 sic
1681 3274 1962 3341 antiquitas
2003 3275 2055 3324 in
2093 3272 2295 3338 legibus
2319 3286 2474 3323 vene-

1405 3354 1603 3404 rabilis.

1470 3436 1567 3481 507
1601 3430 1838 3492 Solonem]
1905 3428 2300 3480 Atheniensium
2324 3427 2475 3492 legis-

1406 3507 1625 3556 latorem
1648 3507 2102 3570 sapientissimum.

1471 3590 1569 3635 508
1607 3584 1903 3648 Pandioniae]
1952 3577 2234 3648 Imperium
2259 3581 2475 3633 Atheni·

1407 3677 1531 3712 ense
1556 3679 1586 3711 a
1610 3662 1879 3712 Pandione
1902 3663 2063 3725 Rege.
2401 3654 2407 3663 ’

1472 3744 1569 3788 509
1603 3739 1845 3802 Lycurgo]
1910 3738 2284 3801 Spartanorum
2323 3735 2475 3800 legis·

1406 3817 1576 3865 latore
1601 3815 1886 3864 admirabili
1910 3831 1923 3874 3
1975 3814 2119 3878 cnjus
2142 3812 2284 3877 leges
2319 3813 2475 3875 Spar-

1410 3899 1480 3942 tae
1501 3907 1593 3956 pro
1616 3894 1774 3941 muris
1795 3899 1962 3942 erant.
2028 3895 2217 3955 Sparta
2239 3891 2349 3939 sine
2368 3905 2477 3939 mu-

1410 3970 1480 4019 ris
1503 3970 1772 4032 regnabat,
1791 3984 1964 4018 veram
1982 3967 2477 4030 fortitudinem,non

1410 4045 1464 4094 in
1491 4060 1772 4107 murorum,
1794 4045 1884 4094 sed
1908 4036 1958 4094 in
1979 4046 2266 4094 animorum
2288 4043 2480 4093 robore

1410 4124 1564 4172 sitam
1587 4140 1699 4173 esse
1723 4124 1987 4174 dictitans.
2056 4125 2124 4172 Et
2148 4121 2368 4171 merito-x
2403 4120 2478 4170 sio

1409 4201 1547 4250 enim
1570 4200 1657 4250 diu
1678 4200 1885 4250 floruit:
1943 4206 2001 4249 at
2034 4214 2150 4248 cum
2172 4198 2335 4248 muris
2349 4195 2475 4246 solis

1408 4277 1572 4342 coepit
1591 4277 1774 4343 fidere,
1795 4277 1902 4327 cito
1926 4275 2096 4341 periit.

787 4353 865 4403 Ut
896 4351 1112 4403 canities
1152 4352 1205 4401 in
1242 4352 1330 4403 bo·
1426 4378 1434 4389 ι
