2925 4928
2341 348 2477 450 4⁷5

2244 571 2253 578 -
2336 545 2476 613 -180

951 400 1039 452 IN·
1083 400 1528 453 EUTROPIUM
1579 400 1723 452 1213.
1771 401 1823 451 1.

274 545 717 615 Marmaricus
747 547 948 614 cla'ris
972 548 1257 616 violatur
1282 551 1584 620 caedibus
1616 548 1990 614 Hammon:

356 651 685 737 Asperius
715 653 876 716 nihil
905 660 1008 717 est
1034 654 1288 731 humili,
1318 674 1468 717 cum
1493 655 1695 735 surgit
1724 654 1794 715 in
1824 652 2069 718 altum:

275 740 540 848 Cuncta
561 757 734 833 ferit,
767 757 917 819 dum
945 762 1185 826 cuncta
1214 756 1439 821 timet:
1488 757 1771 822 desaevit
1797 756 1870 817 in
1895 772 2146 832 omneS‚

273 858 369 923 Ut
395 879 468 924 se
495 880 699 944 posse
730 859 993 943 putent:
1037 879 1165 923 nec
1195 861 1415 924 bellua
1436 861 1658 924 tetrior
1685 860 1820 924 ulla

274 960 496 1041 Quam
527 964 702 1027 servi
736 964 951 1029 rabies
979 965 1049 1027 in
1079 965 1290 1028 libera
1314 971 1494 1047 terga
1520 964 1819 1029 furentis,

268 1062 604 1156 Agnoscit
631 1068 938 1148 gemituS‚
970 1074 1038 1130 et
1066 1086 1288 1150 poenae
1307 1131 1312 1134 .
1322 1086 1599 1149 parcere
1628 1068 1864 1145 nescit,

272 1165 498 1246 Quam
531 1170 762 1248 subiit,
796 1170 1180 1254 dominique
1195 1181 1479 1258 memor,
1509 1191 1705 1255 quem
1735 1172 2067 1248 verberat,
2092 1170 2255 1235 odit.

267 1267 490 1351 Adde,
525 1274 700 1355 quo'd
728 1274 1063 1338 eunuchus
1091 1274 1272 1337 nulla
1289 1273 1542 1356 'pietate
1570 1279 1894 1351 movetur,

270 1369 340 1437 N
344 1393 423 1438 ec
457 1376 674 1457 generi
705 1376 962 1441 natisve
991 1381 1202 1441 cavet.
1292 1374 1661 1440 Clementia
1693 1377 1954 1441 cunctis

2341 1064 2475 1131 185

264 1542 469 1593 Ammon
501 1542 819 1592 Blarman'cus
866 1545 1093 1607 polluitur
1139 1548 1300 1606 strage
1351 1544 1594 1593 nobilium.
1680 1544 1824 1593 Nihil
1859 1549 1930 1594 est
1986 1545 2217 1604 crudelius
2262 1545 2475 1604 homine

261 1608 461 1668 abjecto,
485 1608 563 1671 qui
583 1609 828 1657 extollitur
859 1611 920 1657 ad
959 1610 1239 1671 dignitates
1278 1610 1415 1659 altas.
1482 1609 1698 1658 Percutit
1731 1610 1902 1667 omnia,
1934 1612 2044 1659 dum
2079 1610 2249 1659 martit
2285 1612 2476 1661 omnia.-

251 1672 392 1732 furit
411 1678 576 1721 contra
596 1688 770 1733 omnes,
785 1678 839 1722 at
861 1674 911 1722 hi
935 1675 1206 1722 existiment
1229 1674 1384 1736 ipsum
1403 1679 1640 1737 potentem
1657 1690 1673 1723 .·
1703 1689 1850 1738 neque
1859 1674 1974 1734 fera
1996 1676 2092 1723 ulla
2110 1679 2180 1723 est
2202 1676 2475 1739 immanior,

262 1752 406 1801 quam
421 1752 581 1787 servus
601 1739 795 1787 rabidus
814 1740 1007 1787 saeviens
1029 1744 1189 1788 contra
1212 1753 1405 1801 corpora
1428 1739 1689 1788 hominum
1704 1738 2023 1802 ingenuorum.
2061 1740 2230 1789 Nescit
2248 1741 2476 1804 dolorm,

262 1808 311 1851 et
332 1818 427 1851 non
445 1808 598 1866 potest
618 1804 852 1852 moderari
881 1804 1176 1868 supplicium,
1208 1805 1329 1867 quod
1348 1804 1458 1866 ipse
1479 1819 1643 1866 passus
1662 1809 1750 1864 est,
1770 1819 1826 1854 ac
1845 1806 2114 1854 reeordatus
2128 1806 2322 1867 domini,
2344 1819 2476 1853 aver-

259 1872 397 1917 ntur
433 1868 577 1917 inum
610 1883 741 1931 quem
772 1871 955 1932 plectit.
1020 1869 1211 1930 Adjice‚
1244 1871 1366 1931 quod
1403 1870 1635 1917 eunuchus
1665 1872 1791 1918 nullo
1813 1871 2037 1934 flectitur
2079 1884 2231 1918 sensu
2263 1871 2479 1934 pietatis,

260 1947 410 1998 neque
426 1934 643 1999 providet
659 1935 796 1997 genti
818 1949 925 1983 suae
949 1934 1176 2000 outflliis.
1240 1934 1556 1983 Mansuetado
1574 1940 1654 1984 est
1672 1934 1883 1984 omnibus
1901 1950 2016 1998 erga
2037 1937 2232 1998 oequales
2254 1948 2388 1998 suos,
2424 1940 2473 1984 et

1194 2062 1251 2081 O&
1258 2062 1556 2082 eeeeaeaeee‘ae

265 2149 360 2195 180
395 2146 715 2196 Mai-moriens
744 2146 899 2196 Farn.
940 2148 1062 2198 Jun.
1091 2163 1169 2210 pr.
1191 2148 1314 2198 Var.
1358 2149 1466 2200 LL.
1499 2149 1582 2200 ed.
1616 2148 1774 2200 Antv.
1807 2150 1953 2205 cladis
1990 2148 2293 2199 Pric.—·l8l
2328 2145 2476 2210 Aspe-

260 2211 365 2260 νέω·
380 2211 574 2263 Petav.
599 2217 922 2275 tert.’⁸urgat
942 2215 1078 2263 Exc.'
1094 2215 1319 2265 Lucens.
1358 2229 1457 2264 sec.
1489 2222 1545 2265 et
1563 2217 1699 2265 Laeti
1720 2231 1787 2265 m.
1811 2230 1912 2265 sec.
1946 2217 2060 2264 dum
2079 2212 2486 2275 surgit·'1'holos··

261 2277 568 2326 dum-tendit
601 2277 724 2328 Jun.
763 2293 839 2341 pr.
903 2280 1145 2340 consurg-it
1197 2280 1341 2329 Rott.
1382 2280 1566 2331 Petav.
1605 2288 1727 2331 tert.
1774 2295 2052 2342 consurgere
2087 2280 2188 2329 inc.
2225 2277 2475 2327 Heius·—

264 2345 368 2390 182
394 2344 510 2390 dum
539 2343 673 2391 saevit
714 2343 1027 2392 Fara-183
1062 2345 1194 2393 Dum
1228 2360 1278 2394 se.
1302 2360 1438 2408 posse
1461 2351 1605 2410 putot
1630 2347 1758 2395 Exc.
1796 2346 2014 2395 Gevart.
2043 2348 2182 2407 putet
2199 2341 2318 2392 Pat.
2335 2346 2476 2406 putet

263 2407 347 2455 vel
376 2411 549 2471 patent
582 2408 813 2458 Florent.
851 2408 953 2458 duo
991 2409 1134 2459 Med.
1184 2425 1275 2462 non
1297 2411 1470 2459 tetrior
1490 2412 1589 2461 inc.
1616 2409 1795 2462 Heius.
1829 2411 2138 2460 soeviorJun.
2178 2423 2254 2473 pr.
2287 2406 2478 2456 tristior

262 2472 451 2521 Petav.
479 2486 555 2535 pr.
578 2474 700 2523 Vat.
726 2474 890 2539 quint.
936 2475 1111 2524 tetrior
1132 2477 1213 2526 vel
1248 2477 1421 2526 soevior
1440 2477 1631 2526 Moret.
1651 2491 1754 2526 sec.
1804 2478 1901 2526 alla
1922 2475 2066 2525 Leid.
2091 2490 2168 2538 pr.
2191 2480 2248 2522 et
2267 2472 2477 2522 octode·
2581 2468 2595 2480 ‘

266 2537 368 2586 cim
392 2537 499 2598 alii,
534 2539 662 2588 Exc.
686 2539 903 2589 Gevart.
934 2541 1154 2590 Lucens.
1187 2555 1266 2604 pr.
1323 2543 1419 2589 ulla
1457 2547 1531 2590 est
1561 2543 1680 2592 Vat.
1712 2557 1815 2592 sec.
1842 2541 1952 2591 Pal.
1975 2541 2129 2589 Farn.
2153 2537 2331 2588 Ambr.
2354 2543 2475 2587 tert.

262 2603 395 2651 Exc.
432 2603 746 2654 Laeti.—184
777 2606 898 2654 cona
933 2604 1046 2655 Pal.
1085 2605 1226 2656 Prie.
1263 2607 1495 2655 Florent.
1532 2606 1674 2655 Med.
1715 2606 2012 2671 pr.·Parm.
2052 2604 2133 2654 ed.
2185 2610 2324 2664 terga
2366 2602 2485 2651 duo.

262 2666 449 2717 Leidd.
474 2668 799 2733 cum-viginti
819 2670 1043 2735 quinque
1061 2670 1191 2729 aliis,
1212 2670 1394 2735 Isingr.
1411 2673 1541 2721 Exc.
1565 2671 1780 2720 Gevart.
1802 2672 1927 2720 Var.
1945 2670 2050 2718 LL.
2072 2684 2102 2717 e
2123 2682 2280 2731 marg.
2301 2667 2476 2717 Parm.

264 2740 319 2780 et
343 2732 427 2781 ed.
463 2731 624 2782 Autv.
658 2735 774 2782 colla
793 2736 875 2783 vel
899 2740 1036 2796 terga
1078 2735 1121 2782 V
1124 2741 1196 2786 at.
1230 2750 1333 2785 sec.
1358 2737 1486 2786 Exc.
1509 2737 1824 2786 Luem—185
1859 2737 1940 2785 sed
1955 2750 2106 2798 poenoe
2129 2735 2302 2784 Oxou.
2326 2745 2477 2795 pr.—

267 2800 363 2846 186
402 2797 558 2852 Quam
578 2798 723 2848 subiit
748 2800 875 2849 Exc.
900 2801 1118 2850 Lucens.
1139 2814 1218 2864 pr.
1254 2801 1406 2857 Quem
1425 2800 1507 2850 ed.
1543 2801 1714 2851 Vicet.
1744 2816 1856 2864 quos
1873 2802 2086 2849 verberat
2110 2799 2236 2860 Reg.
2269 2796 2300 2846 J
2309 2811 2394 2845 un.
2419 2802 2476 2846 et
2555 2801 2558 2805 ’

267 2860 440 2910 Oxou.
465 2876 544 2924 pr.
590 2878 723 2926 quem
765 2864 848 2913 vel
882 2880 996 2927 quos
1028 2865 1220 2915 Moret.
1259 2880 1365 2916 see.
1412 2865 1610 2915 verbera
1628 2866 1744 2914 totis
1764 2868 1883 2915 Vat.
1905 2880 1988 2928 pr.
2005 2879 2072 2914 m.
2091 2865 2328 2926 pr.—188
2363 2861 2477 2909 Non

261 2926 677 2987 generiFlorent.
703 2929 845 2979 Leid.
871 2944 947 2992 pr.
970 2929 1151 2979 Ambr.
1174 2945 1275 2980 sec.
1307 2931 1450 2981 Med.
1477 2936 1596 2982 tert.
1617 2931 1719 2981 inc.
1742 2931 1925 2980 Heius.
1960 2928 2156 2991 generis
2175 2929 2295 2978 Vat.
2324 2940 2400 2990 pr.
2422 2931 2479 2975 et

264 2991 430 3056 quint.
480 2992 661 3042 natisve
700 2993 829 3044 Exe.
862 2994 1083 3044 Lucens.
1112 3010 1191 3059 pr.
1238 2995 1453 3059 natisque
1477 2997 1603 3060 ‚Van
1641 3001 1765 3048 tert.
1807 2997 1961 3047 Fam.
2001 2995 2144 3045 Rott.
2188 2994 2312 3043 Lov.
2352 2992 2476 3041 Put.

1273 3115 1485 3168 NOTAE

333 3208 430 3263 180
465 3213 810 3278 Marmaricus]
863 3213 1076 3279 Jupiter
1109 3213 1333 3264 Ammon

266 3289 320 3338 in
345 3288 664 3340 Marmarica
682 3290 884 3342 Africae
920 3292 1147 3356 regione,
1170 3290 1222 3340 in
1246 3292 1334 3341 de-

1412 3298 1523 3342 tum
1548 3291 1678 3341 facti
1703 3299 1822 3342 sunt
1847 3298 2108 3356 potentes,
2130 3305 2232 3341 non
2255 3288 2478 3339 credunt

258 3367 423 3416 sertis
446 3367 664 3432 Libyae:
707 3369 863 3419 hodie
886 3355 1098 3432 dieitur,
1134 3369 1205 3418 Le
1222 3369 1334 3430 pa'is

1412 3383 1470 3418 se
1510 3367 1689 3417 haberi
1725 3382 1820 3431 pro
1865 3366 2182 3431 potentibus,
2214 3365 2312 3414 nisi
2350 3364 2478 3413 dent

1479 3219 1573 3273 1283
1609 3215 1675 3264 Se
1685 3229 1820 3279 posse
1834 3212 2028 3278 putent]
2062 3212 2165 3265 Qui
2189 3216 2372 3262 contra
2385 3224 2478 3260 vo·
2554 3276 2560 3283 ι

264 3443 324 3492 de
346 3443 557 3495 Barcha.

334 3520 497 3568 claris
516 3521 723 3571 violatur
742 3520 967 3584 coedibus]
1001 3521 1155 3573 Quod
1177 3522 1231 3570 iu
1252 3521 1331 3571 his

267 3595 491 3646 desertis
517 3599 612 3647 viri
635 3596 863 3648 illustres
894 3604 984 3647 aut
1006 3598 1330 3660 occidantur,

267 3679 358 3722 aut
380 3674 585 3724 detenti
619 3682 854 3739 pereant.
904 3675 1156 3726 Notabile
1193 3676 1332 3741 quod

266 3750 398 3803 dicit
418 3753 607 3804 Strabo
631 3770 697 3804 ex
720 3756 1083 3818 Eratosthene,
1104 3754 1237 3817 τάχα
1268 3755 1333 3814 γδὴ

257 3829 345 3878 ,καὶ
375 3829 435 3879 τὸ
470 3824 559 3880 τὀὓ
582 3830 826 3893 Ἄμμωνος
860 3831 981 3896 ἱερὸν
1013 3831 1239 3896 πρότερον
1259 3831 1337 3880 ἐπὶ

268 3909 353 3965 τῆς
362 3905 603 3966 θαλάττης
611 3907 669 3958 ὃν
679 3908 925 3969 :fortassis
936 3916 979 3958 et
985 3911 1078 3959 iam
1092 3909 1335 3960 Ammonis

270 3986 492 4049 templum
511 3987 761 4050 aliquando
782 3988 833 4036 in
850 3988 971 4036 mari
984 3987 1202 4050 jacuisse,
1222 3992 1301 4052 ⁸5⁶·

333 4064 431 4112 182
465 4061 708 4124 Desa-vit]
775 4062 943 4112 Valde
980 4064 1337 4114 vehementer·

271 4141 367 4203 que
390 4140 573 4190 saevit:
624 4141 751 4190 alias
786 4129 1000 4203 descivit,
1032 4142 1086 4190 id
1105 4148 1206 4203 est,
1230 4143 1338 4206 pla·

270 4221 433 4266 eatur.
499 4216 650 4282 Virg.
686 4220 701 4246 ‘
722 4218 861 4268 Dum
895 4218 1082 4285 pelago
1121 4217 1338 4269 desaevit

276 4292 491 4360 hyems?

1410 3444 1603 3494 indicia
1625 3444 1978 3493 immoderatae
2012 3441 2354 3506 violentaeque
2386 3454 2481 3504 po·

1412 3519 1619 3570 testatis
1642 3535 1702 3569 ac
1727 3518 2031 3583 tyrannidis.

1479 3601 1572 3646 185
1611 3597 1853 3660 Gemitus]
1903 3595 2094 3647 Quales
2115 3594 2216 3658 ipsi
2237 3593 2478 3644 verbera·

1415 3678 1499 3722 tus
1522 3673 1715 3722 emisit.
2402 3704 2403 3707 =

1480 3754 1578 3799 186
1613 3748 1757 3811 Odit]
1804 3749 1901 3798 Vir
1918 3761 2192 3812 generosus
2223 3762 2323 3797 non
2346 3747 2478 3812 odit,

1415 3826 1509 3875 sed
1533 3826 1824 3888 miseratur,
1856 3840 2007 3888 quem
2038 3827 2209 3890 punit,
2238 3837 2344 3873 non
2362 3824 2478 3891 sibi,

1415 3902 1507 3951 sed
1530 3902 1748 3965 legibus.
1815 3900 1888 3950 At
1912 3903 2196 3966 Eutropius
2220 3901 2350 3964 odit,
2383 3901 2481 3950 sic·

1415 3989 1517 4044 que
1541 3979 1768 4029 atrocius
1807 3979 1958 4042 punit
1993 3979 2137 4028 illum
2168 3991 2321 4043 quem
2360 3991 2479 4027 ver·

1418 4055 1587 4113 benit,
1610 4055 1757 4119 quasi
1789 4055 1842 4103 in
1864 4056 1952 4104 illo
1981 4054 2272 4105 vindicaret
2293 4067 2479 4117 aceep-

1419 4138 1499 4182 tas
1518 4133 1642 4182 olim
1665 4147 1696 4180 a
1717 4131 1820 4180 auis
1843 4130 2282 4194 dominisplagas.

1485 4211 1580 4257 187
1615 4205 1831 4268 Pietate]
1867 4207 2029 4257 Nullo
2045 4219 2200 4258 sensu
2220 4204 2406 4256 amoris
2422 4205 2478 4256 in

1421 4283 1565 4335 filios
1604 4290 1696 4335 aut
1719 4287 1952 4350 cogntus.
