2925 4928
450 391 584 470 ‘278

455 562 811 630 Attonitos
841 562 1074 630 humili
1106 564 1632 648 Regescervice
1665 565 1951 630 videres.

452 667 641 733 Ante
673 667 910 734 ducem
941 673 1243 733 nostrum
1272 669 1517 734 flavam
1547 687 1856 754 sparsere
1886 669 2242 754 Sygambri

450 770 841 850 caesariem,
875 773 1264 858 pavidoque
1297 780 1562 839 orantes
1592 795 1922 838 murmure
1958 774 2202 838 Franci

449 873 882 940 Procubuere
927 876 1096 940 solo,
1186 875 1233 940 J
1236 881 1461 941 uratur
1495 876 1843 941 Honorius
1874 879 2145 953 absens,

450 975 915 1063 Imploratque
948 983 1131 1043 tuum
1163 979 1461 1062 supplex
1495 977 1904 1043 'Alamannia
1935 997 2199 1042 nomen.

449 1079 800 1145 Bastarnae
834 1100 1074 1145 venere
1108 1085 1374 1160 truces;
1423 1082 1608 1145 venit
1632 1082 1880 1146 accola·
1904 1082 2118 1165 sylvae

445 1181 818 1248 'Bructerus
852 1182 1253 1267 Hercyniae:
1295 1184 1585 1267 latisque
1624 1183 1985 1266 paludibus
2008 1187 2151 1249 exit

456 1283 813 1368 CymbruS,
849 1292 917 1350 et
946 1276 1249 1367 ingentes
1272 1283 1481 1350 Albin
1511 1285 1767 1369 liquere
1792 1284 2143 1353 Cherusci.

1124 417 1750 469 -ch.-01.A·Un1AN1
1801 418 1969 472 vm·-

445 1435 598 1496 capite
617 1435 877 1484 accelerare
894 1447 984 1499 per
998 1437 1410 1502 omnemfluvium.
1478 1437 1726 1503 Sycambri
1771 1438 2037 1503 effitderimt
2070 1439 2223 1488 crines
2246 1438 2484 1502 flaventes
2504 1452 2668 1487 coram

448 1501 659 1549 Ductor-e
683 1505 858 1562 nostro,
881 1507 927 1549 et
949 1502 1084 1550 Galli
1103 1504 1420 1566 supplicantes
1450 1519 1641 1552 susurro
1662 1504 1851 1566 timido,
1873 1506 2102 1568 prostrati
2117 1509 2223 1553 sunt
2243 1504 2387 1553 humi.
2454 1504 2670 1552 Juratur

447 1566 498 1612 in
524 1579 707 1613 nomen
735 1565 945 1614 Honorii
964 1566 1185 1629 absentis,
1201 1573 1249 1616 et
1271 1568 1560 1617 Alamannia
1593 1570 1783 1617 humilis
1804 1570 1987 1618 invocat
2010 1585 2171 1619 nomen
2189 1574 2337 1619 tuum.
2411 1570 2671 1618 Bastarna

447 1630 648 1678 immites
661 1632 950 1680 advenerunt
971 1648 986 1679 .·
1019 1633 1244 1681 Bructeri
1264 1635 1431 1682 aceoloe
1451 1637 1597 1698 sylroe
1621 1634 1875 1699 Hercyniae
1899 1637 2202 1693 advenerunt,
2222 1640 2269 1683 et
2306 1633 2488 1682 Cimbri
2527 1647 2665 1681 evre-

443 1696 637 1745 diuntur
656 1710 685 1744 e
705 1696 958 1760 paludibus
980 1697 1237 1762 immensis,
1275 1716 1331 1747 ac
1362 1700 1587 1748 Cherusci
1622 1700 1804 1763 proceri
1833 1702 2073 1749 deseruere
2095 1699 2256 1750 Albin.
2322 1699 2412 1748 Ille
2441 1698 2665 1750 Stilicho

1371 1810 1729 1830 OOOOOOOOOOOO

442 1887 531 1932 ges
568 1875 698 1924 Exc.
738 1876 889 1926 Voss.
928 1876 1128 1928 Thuan.
1187 1878 1343 1940 Reges
1364 1879 1534 1927 humili
1558 1893 1740 1927 novem
1763 1878 2037 1927 alit—446
2068 1883 2275 1927 vestrum
2297 1878 2417 1927 Var.
2441 1878 2550 1926 LL.
2573 1874 2665 1928 ed·

444 1936 610 1988 -Antv,
636 1940 763 2003 flavi
791 1942 930 1989 Prie.
963 1941 1138 2001 fudere
1163 1944 1340 1994 Ambr.
1365 1959 1444 2007 pr.
1472 1945 1572 1993 inc.
1601 1944 1782 1993 Heius·
1828 1943 2015 1993 Sched.
2059 1944 2195 1994 Gnd.
2236 1942 2492 2007 Sygambri
2536 1943 2664 1992 Vat⁴

446 2012 619 2066 quart.
646 2007 774 2062 Exc.
795 2006 1016 2056 Lucens.
1040 2023 1144 2058 sec.
1195 2008 1431 2057 Sicambri
1454 2008 1641 2058 Sched.
1675 2009 1976 2059 oum—447
2011 2009 2320 2072 pavidamque
2344 2008 2528 2057 Petav.
2550 2020 2661 2056 sec,

446 2070 702 2131 pavidoque
748 2071 829 2118 vel
861 2073 1127 2134 tumidoque
1164 2073 1357 2122 nurnine
1399 2073 1501 2123 inc,
1540 2074 1724 2122 HeinS.
1777 2080 1988 2123 errantes
2014 2075 2152 2123 Prie.
2211 2074 2386 2122 Franci
2409 2073 2490 2120 vei
2499 2070 2666 2130 fracti

434 2132 631 2182 Petav.
655 2149 734 2197 pr.
765 2135 921 2193 fracti
947 2136 1093 2185 Leia.
1112 2152 1142 2185 a
1160 2153 1226 2187 m.
1252 2142 1454 2187 s.—448
1491 2139 1694 2187 miratur
1717 2153 1879 2202 marg.
1896 2139 2247 2202 bingin—449
2279 2153 2412 2187 suum
2434 2139 2560 2186 Vat.
2579 2151 2664 2198 pr.

443 2204 497 2246 et
518 2205 687 2261 quart.
712 2199 864 2248 Farn.
905 2201 1091 2250 Petav.
1129 2217 1205 2264 pr.
1250 2202 1452 2265 simplex
1492 2203 1616 2253 Pnt.
1663 2204 1783 2253 Pat.
1829 2205 2081 2253 Alamania
2113 2205 2237 2252 Vat.
2264 2218 2342 2265 pr.
2367 2202 2482 2250 Pal.
2505 2200 2664 2250 Med.

445 2268 568 2311 tert.
593 2263 722 2312 Exc.
751 2264 964 2314 Luce-ns.
1006 2282 1110 2316 sec.
1151 2266 1433 2315 ,alemannia
1479 2274 1701 2331 quatuor
1742 2270 1864 2317 Vat.
1904 2270 2056 2318 Farn.
2083 2269 2226 2317 Rott.
2263 2267 2425 2317 Oisel.
2460 2281 2556 2331 pro
2579 2281 2664 2313 no-

442 2340 547 2375 men
589 2327 773 2376 Heius·
818 2330 958 2392 conj.
994 2336 1340 2381 numeru—450
1375 2333 1617 2381 Balternoe
1641 2335 1765 2382 Vat.
1791 2348 1895 2382 sec.
1940 2335 2176 2383 Bastarni
2198 2333 2343 2382 Med.
2371 2339 2493 2382 tert.
2531 2331 2665 2380 Bus-

442 2396 590 2439 ternoe
611 2393 741 2441 Lov.
792 2394 1043 2444 Bastarnoe
1068 2396 1198 2459 Reg.
1222 2396 1390 2445 Oxon.
1416 2413 1495 2460 pr.
1522 2398 1668 2447 Leid.
1696 2414 1773 2462 pr.
1820 2400 2069 2448 Basternae
2095 2405 2197 2447 tres
2214 2399 2337 2447 Vat.
2367 2398 2482 2446 Pal.
2510 2397 2662 2455 Rott,
2689 2433 2702 2444 .

443 2456 584 2508 Prie.
629 2458 885 2508 Bastarnoe
904 2461 1028 2510 Vat.
1054 2476 1134 2523 pr.
1163 2462 1314 2512 Farn.
1355 2463 1499 2513 Med.
1541 2472 1711 2527 quart,
1749 2466 1946 2515 Bonon.
1979 2466 2185 2514 Tholos.
2210 2464 2398 2513 Moret.
2422 2478 2526 2512 sec.
2550 2462 2655 2512 inc.

444 2522 631 2571 Heius,
673 2525 775 2574 duo
815 2525 1002 2575 Petav.
1040 2533 1145 2575 tres
1182 2526 1364 2577 Ambr.
1387 2530 1515 2578 Exc.
1542 2530 1759 2579 Gevart.
1786 2531 2005 2580 Lucens.
2028 2545 2133 2579 sec.
2159 2539 2213 2578 et
2236 2530 2317 2578 ed.
2340 2530 2514 2578 Parm.
2560 2543 2661 2576 mo-

445 2602 552 2637 vere
573 2589 719 2639 Med.
740 2596 862 2642 tert.
909 2594 1048 2641 duces
1087 2593 1273 2643 Petav.
1317 2600 1440 2643 tert.
1487 2594 1571 2642 ed.
1616 2595 1792 2644 Parin.
1836 2604 1890 2644 et
1928 2596 2101 2644 Vicet.
2129 2595 2252 2644 item
2275 2596 2401 2643 Var.
2428 2595 2535 2642 LL.
2567 2593 2657 2642 ed.

441 2652 603 2703 Antv.
648 2660 802 2703 truces
846 2657 926 2704 vel
970 2659 1110 2706 duces
1143 2660 1266 2707 Vat.
1306 2673 1414 2707 sec.
1458 2661 1613 2707 accola
1660 2660 1789 2708 Exc.
1814 2659 1965 2708 Laeti.
2008 2660 2158 2708 incola
2179 2660 2300 2708 Vat.
2328 2674 2405 2722 pr.
2432 2659 2657 2706 Fan-n.—

438 2722 534 2767 ‚451
570 2719 784 2769 Buterus
809 2721 1040 2771 Florent.
1086 2723 1300 2772 Bruteus
1331 2724 1480 2772 Med.
1513 2732 1685 2788 quart.
1730 2726 1975 2773 Brutemes
1994 2726 2115 2773 Vat.
2142 2739 2220 2786 ρι’.
2248 2725 2401 2773 Farn.
2442 2723 2657 2772 Bratke·

440 2798 521 2830 rus
543 2783 730 2835 PetaV.
754 2800 832 2847 pr.
857 2788 1051 2836 Moret.
1072 2803 1150 2849 pr.
1175 2789 1316 2838 Leid.
1344 2803 1449 2839 see.
1493 2791 1726 2838 Basternas
1759 2792 1840 2839 ed.
1866 2791 2038 2839 Vicet.
2089 2791 2343 2839 Brusterus
2364 2790 2447 2837 ed.
2474 2789 2655 2837 Parm.

440 2849 709 2897 Bructurus
744 2850 891 2909 Jnnt.
929 2853 1188 2903 Bructerus
1232 2855 1363 2903 Exe.
1397 2856 1614 2904 Lucens.
1656 2870 1733 2918 pr.
1781 2855 2019 2903 Bructerus
2043 2855 2226 2918 viginti
2249 2855 2352 2916 aiii,
2374 2857 2571 2903 Lovan.
2595 2859 2656 2902 et

441 2913 572 2962 Exc.
598 2913 815 2964 Gevart.
860 2916 1094 2965 Basternas
1116 2918 1196 2966 vel
1222 2918 1462 2968 Barcerus
1479 2921 1676 2968 Mazar.
1703 2920 1961 2982 Hercyniae
1978 2921 2102 2970 Exc.
2132 2921 2256 2969 Laet.
2303 2920 2514 2968 Erteniae
2527 2919 2656 2968 Vat-

440 2991 548 3027 sec.
589 2979 809 3029 Arcenioe
845 2982 970 3031 Vat.
1013 2989 1136 3033 tert.
1198 2984 1408 3046 latasque
1451 2985 1829 3034 Thalos.—-452
1867 2986 2083 3033 Cimbrus
2123 2999 2300 3035 omues
2343 2987 2492 3034 Vatt.
2532 2983 2654 3033 Pal.

1438 3093 1487 3142 N
1496 3090 1652 3142 0¹1·AE

502 3181 597 3226 445
632 3179 900 3244 Attonitos]
948 3182 1217 3246 Trepidos,
1257 3184 1502 3248 obstupe-

436 3253 622 3317 factos,
640 3254 795 3320 fama,
815 3257 1109 3322 celeritate,
1129 3260 1347 3309 aiidacia
1366 3261 1501 3311 tanti

440 3331 629 3382 Ducis.
715 3370 722 3377 .

500 3412 598 3457 446
630 3409 909 3475 Sygambri]
931 3413 1029 3462 Vei
1055 3413 1502 3479 Sycambri.Popn-

434 3484 471 3533 li
492 3485 558 3534 ad
583 3486 812 3536 Rhenum
836 3505 848 3537 ε
869 3503 1107 3552 sparsere
1138 3491 1423 3553 caesariem,
1446 3491 1499 3539 id

432 3567 534 3623 est,
585 3563 776 3625 sparsis
833 3565 1062 3614 crinibus
1115 3568 1497 3631 supplicavere,

436 3638 519 3687 vel
557 3640 744 3702 sparsis
785 3640 1027 3705 crinibus,
1074 3658 1198 3708 quos
1240 3657 1331 3707 pro
1355 3658 1537 3695 more.

435 3715 627 3779 gentis,
649 3716 783 3765 nodo
807 3720 1161 3783 constringere
1186 3720 1372 3784 solent,
1396 3726 1496 3771 tes·

434 3792 533 3840 tati
571 3800 691 3841 sunt
733 3808 809 3855 se,
843 3795 1254 3858 depositomore
1295 3798 1496 3861 patriae,

433 3869 630 3919 servire
653 3870 788 3918 velle
813 3872 1052 3921 Romanis
1074 3874 1317 3924 moribus.

497 3949 593 3994 447
629 3946 812 3994 Pavido
833 3951 1089 4013 murmure]
1122 3951 1339 3999 Susurro
1364 3951 1496 4000 timi·

433 4020 521 4079 do,
559 4027 616 4070 et
651 4020 810 4071 verba
834 4031 1104 4086 premente
1140 4030 1297 4090 atque
1318 4026 1495 4091 'impe-

374 4100 375 4103 '
435 4095 631 4171 diente.
1282 4095 1286 4100 ’

498 4174 698 4238 Franci]
751 4175 806 4224 Si
852 4178 980 4226 tales
1016 4179 1242 4229 extitere
1286 4182 1496 4244 Franci,

430 4250 572 4314 quod
596 4251 802 4302 minime
827 4267 960 4316 reor,
981 4255 1137 4319 longe
1151 4256 1238 4305 alii
1256 4267 1378 4306 sunt
1398 4259 1496 4306 sub

1581 3187 1685 3236 rori
1711 3192 1831 3236 sunt
1854 3187 1965 3237 orbi
1986 3193 2234 3238 terrarum
2254 3187 2515 3236 universe.

1643 3268 1742 3313 448
1773 3266 2004 3329 Juratur]
2059 3265 2248 3316 Jurare
2272 3265 2326 3312 in
2362 3279 2565 3325 nomen,
2594 3261 2650 3313 in

1582 3340 1760 3404 verba,
1789 3341 1839 3390 in
1874 3343 2094 3391 salutem
2133 3341 2417 3405 Principis,
2437 3342 2648 3390 solitum

1582 3425 1696 3467 erat
1760 3418 2021 3468 Romanis.
2087 3417 2276 3468 Jurare
2333 3418 2511 3479 etiam,
2568 3423 2650 3467 est

1577 3502 1834 3559 praestare
1858 3501 2013 3560 atque
2038 3493 2367 3558 obstringere
2389 3494 2550 3544 fidem
2570 3508 2649 3543 sa-

1579 3570 1867 3621 cramento.
2396 3566 2400 3572 '
2629 3612 2634 3617 ,

1643 3652 1740 3697 450
1780 3648 2051 3711 Bastarna]
2069 3642 2167 3697 Vel
2186 3649 2451 3703 Basternae.
2472 3649 2648 3713 Popu-

1577 3722 1614 3771 ii
1640 3738 1814 3772 versus
1835 3718 2119 3788 Scythiam,
2143 3725 2282 3790 iique
2305 3722 2591 3775 fortissimi.

1640 3805 1734 3850 451
1772 3801 2057 3865 Bructerus]
2100 3802 2343 3851 Bructeri
2367 3803 2546 3866 populi
2570 3802 2647 3853 fe-

1578 3877 1825 3926 rocissimi
1856 3878 2012 3941 juxta
2065 3879 2261 3941 sylvam
2308 3878 2645 3942 Hercyniam,

1575 3958 1889 4003 versus‘eam
1916 3954 2178 4017 regionem
2220 3970 2335 4019 quae
2358 3969 2497 4004 nunc
2517 3956 2643 4006 dici,

1577 4036 1663 4078 tur
1689 4031 2019 4079 Boiohaemia.
2625 4084 2626 4087 ,

1630 4111 1738 4158 -452
1775 4107 2026 4172 Cymbrus]
2074 4109 2271 4158 Cimbri
2308 4116 2461 4158 erant
2495 4109 2643 4158 ‘Dani

1576 4184 1831 4245 hodierni,
1854 4195 1909 4234 et
1932 4186 2158 4234 Holsatii
2179 4186 2356 4249 populi
2378 4186 2644 4236 :nonnulii

1576 4268 1631 4307 et
1655 4259 1752 4308 hoc
1774 4262 1975 4309 nomine
2001 4261 2258 4313 Zeiandos
2280 4262 2642 4326 continebant,

434 4327 697 4383 Ludovico
717 4329 930 4394 Magno,
965 4331 1114 4395 eujus
1127 4333 1373 4398 auspiciis
1394 4341 1497 4385 ter·
1571 4334 1668 4385 ubi
1686 4340 1767 4397 tot
1788 4335 2022 4399 paludes.
