2925 4928
491 436 627 505 affl
1234 453 1350 504 cn.
1394 449 1822 502 cunnum
1863 450 1993 499 xv.

499 601 880 686 Hispanum
911 599 1346 683 Siculumque
1371 597 1655 665 fretum?
1700 602 2090 682 vastataque
2112 597 2330 679 tellus»,

498 702 763 789 Totque
789 705 995 770 duces
1026 705 1219 783 caesi,
1246 711 1577 787 ruptaque
1606 704 1893 770 emissus
1920 703 2008 767 ab
2039 700 2220 786 Alpe
2425 773 2430 778 ,

495 809 778 888 PoenuS,
808 815 880 873 et
908 809 1208 876 attonitae
1232 808 1376 893 jam
1404 808 1759 892 proximus
1789 807 2136 874 Hannibal
2166 805 2336 896 Urbi
2356 808 2387 871 ‘l

493 911 794 990 Scilicet,
824 920 900 977 ut
925 912 1197 977 domitis
1223 913 1545 978 frueretur
1571 912 1891 978 barbarus
1920 909 2137 991 Afris,
2417 981 2420 982 γ

493 1012 693 1095 Muro
722 1016 1006 1080 sustinui
1039 1013 1352 1094 Martem,
1382 1019 1748 1098 noctesque
1769 1024 2092 1084 ¹cruentas
2607 1013 2694 1086 85

492 1115 755 1182 Collina
782 1138 906 1202 pro
937 1125 1112 1184 turre
1139 1119 1260 1184 tuli
1282 1121 1312 1182 ‘l
1360 1118 1674 1185 Gildonis
1706 1119 1792 1185 ad
1827 1138 2020 1184 usum

491 1218 821 1304 Carthago
853 1225 953 1284 ter
980 1222 1165 1286 victa
1190 1223 1320 1286 ruit
1338 1223 1369 1286 ‘l
1412 1220 1542 1286 hoc
1570 1221 1750 1286 mille
1780 1222 2099 1306 gementis

488 1321 708 1389 Italiae
740 1324 990 1402 clades,
1019 1324 1453 1409 impensaque
1486 1324 1740 1390 saecula
1765 1325 1979 1406 bello;

483 1499 646 1551 libus?
713 1500 795 1551 An
817 1501 922 1552 ideo
942 1503 1052 1565 agri
1073 1502 1171 1552 mei
1194 1505 1309 1567 depo
1419 1503 1462 1552 ti
1500 1508 1638 1565 sunt,
1668 1508 1825 1566 totque
1860 1503 2074 1553 (luderes
2095 1501 2354 1564 inter-secti,
2373 1507 2423 1552 et
2452 1503 2614 1568 erupit
2632 1501 2691 1553 ab

483 1568 685 1631 Alpibus
721 1564 934 1630 effractis
952 1567 1161 1617 Annibal
1184 1569 1302 1617 Cart
1409 1568 1612 1628 ’ὠκείῃ
1648 1574 1694 1618 et
1715 1569 1822 1630 jam
1853 1569 2141 1631 propinquus
2176 1567 2284 1616 urbi
2316 1568 2654 1631 obstupefacta
2666 1564 2692 1618 2

486 1633 683 1696 Nempe,
695 1637 751 1681 ut
770 1631 928 1682 Gildo
958 1632 1184 1682 barbam
1216 1633 1455 1696 potiretur
1475 1632 1619 1692 Afris
1635 1635 1887 1697 superatis,
1907 1635 2169 1683 mutavi
2189 1633 2355 1682 benum
2373 1635 2524 1683 mnu-ia
2546 1633 2697 1697 meis,

479 1703 621 1761 atque
636 1712 774 1760 pum
792 1713 895 1747 sam
915 1703 1071 1747 nocta
1084 1699 1465 1760 maguindentas
1482 1703 1591 1747 uate
1610 1701 1784 1748 turrim
1810 1698 2040 1748 Collinam
2054 1696 2080 1748 :²
2147 1699 2388 1760 Carthago
2401 1702 2476 1746 ter
2495 1699 2694 1748 subacta

478 1763 646 1814 eccidit
662 1778 748 1827 pro
764 1765 1065 1813 melittaena>
1085 1761 1341 1815 Gildonis?
1372 1764 1516 1814 Mitte
1532 1769 1720 1826 magea
1741 1764 1900 1813 Italia»
1917 1762 2216 1827 conflictam,
2233 1769 2282 1813 et
2296 1764 2466 1813 secula
2480 1763 2695 1814 inaucta

1404 1893 1762 1913 OOOOOOOOOO

480 1989 872 2042 Uenusiam—82
905 1998 1131 2058 raptaque
1152 1994 1275 2047 Put.
1314 2011 1381 2046 m.
1417 2010 1498 2060 pr.
1538 1995 1621 2046 ed.
1640 1994 1816 2047 Vieet.
1838 1993 2032 2045 emissus
2051 1993 2173 2044 Vat.
2212 2007 2293 2056 pr.
2319 1991 2547 2042 inmissus
2565 1993 2691 2044 Vat.

480 2057 646 2105 Livin.
669 2058 778 2107 aula
841 2073 896 2108 ro
918 2058 1041 2123 Alpe
1064 2060 1255 2116 Mutet.
1275 2075 1381 2111 sec.
1420 2076 1491 2109 m.
1518 2065 1729 2125 piu—83
1763 2061 1886 2109 hosti
1916 2061 2174 2109 Fun—84
2207 2058 2338 2108 Solis
2369 2072 2465 2120 pro
2488 2058 2690 2107 Scilicet

452 2121 605 2178 „Van
628 2122 734 2172 LL.
756 2073 840 2172 etl).
879 2122 1039 2175 Antv.
1059 2125 1112 2174 ia
1131 2126 1324 2175 denzicis
1348 2127 1429 2176 vel
1454 2131 1509 2175 ut
1541 2125 1734 2175 domitis
1754 2126 1898 2176 Med.
1937 2139 2018 2188 pr.
2040 2124 2190 2174 hostis
2209 2137 2303 2187 pro
2323 2121 2688 2182 Asu-isThuan.

475 2190 604 2236 —85
643 2187 788 2236 Maro
810 2189 1114 2242 Exc.'Laeti.
1137 2192 1311 2240 Mauro
1328 2192 1450 2239 Vat.
1494 2199 1619 2241 tert.
1662 2192 1811 2241 Fam.
1836 2190 1982 2240 Med.
2022 2203 2128 2239 see.
2167 2203 2235 2238 m.
2276 2202 2356 2252 pr.
2394 2187 2521 2238 Put.
2552 2188 2690 2252 Reg-

478 2249 661 2301 Ambr.
705 2267 811 2302 sec.
857 2254 1051 2304 Moret.
1093 2269 1200 2304 sec.
1231 2256 1333 2306 duo
1377 2256 1554 2306 Oxou.
1576 2256 1696 2306 Vat.
1744 2255 1910 2307 Livin.
1951 2255 2035 2305 ed.
2058 2254 2234 2303 Vicet.
2275 2260 2332 2303 et
2353 2252 2520 2303 Colin.
2542 2254 2689 2302 Maro

478 2317 559 2366 vel
586 2318 760 2367 Mauro
786 2319 910 2368 Lov.
949 2319 1092 2369 Med.
1130 2335 1207 2384 pr.
1243 2326 1506 2384 mortesque
1526 2320 1673 2372 Med.
1698 2326 1819 2372 tert.
1857 2328 2124 2384 noctemque
2143 2323 2383 2368 ementem
2406 2317 2689 2368 Prie—86

477 2381 711 2432 Collinam
730 2384 853 2433 Vat.
878 2399 954 2448 pr.
973 2385 1059 2434 sub
1080 2389 1212 2434 turre
1233 2385 1335 2435 duo
1361 2386 1507 2437 Vatt.
1527 2387 1711 2436 Petav.
1735 2401 1811 2450 pr.
1828 2387 1975 2435 Voss·
2009 2385 2137 2436 Exc.
2163 2383 2281 2435 Pat.
2315 2396 2421 2432 rec.
2443 2388 2584 2434 harre
2604 2384 2689 2433 vel

467 2452 608 2511 purte
630 2447 885 2499 Fun—87
921 2455 996 2500 ter
1028 2450 1153 2500 victa
1181 2451 1293 2512 fere
1332 2453 1456 2501 Lov.
1499 2452 1627 2502 tic-ta
1659 2452 1760 2502 ruit
1795 2452 1922 2502 Vat.
1962 2466 2040 2515 pr.
2082 2457 2140 2501 et
2175 2456 2300 2500 tert.
2322 2450 2560 2500 Florent·
2585 2449 2687 2500 iue.

475 2513 662 2563 Heius.
683 2516 881 2566 Mazar.
907 2516 1026 2566 Pat.
1049 2516 1232 2566 Ambr.
1251 2532 1356 2567 sec.
1379 2519 1509 2568 Exc.
1533 2519 1655 2567 Pat.
1676 2531 1781 2568 rec.
1806 2517 1888 2568 ed.
1913 2518 2084 2566 Parm.
2107 2520 2163 2565 et
2177 2513 2475 2574 Vicet.fuit
2496 2514 2689 2579 viginti

511 2587 698 2628 uatuor
720 2581 829 2644 alii,
867 2581 999 2631 Exc.
1034 2583 1250 2632 Gevart.
1272 2582 1380 2642 suit
1418 2584 1499 2632 vel
1542 2583 1644 2633 ruit
1676 2581 1857 2632 Ambr.
1882 2597 1962 2646 pr.
1988 2582 2073 2631 hoc
2114 2581 2243 2631 mille
2267 2580 2413 2630 Leid.
2458 2594 2541 2645 pr.
2583 2580 2688 2630 duo

528 2658 647 2696 xon.
667 2646 819 2696 ambo
858 2647 1050 2697 Moret.
1082 2648 1207 2696 Lov.
1251 2645 1369 2697 Ald.
1392 2646 1550 2699 Wolf.
1589 2649 1689 2696 hoec
1712 2648 1814 2697 duo
1833 2648 1978 2697 Vatt.
2002 2646 2190 2696 Petav.
2225 2662 2302 2710 pr.
2324 2644 2536 2694 Tbuan.
2562 2645 2685 2696 edd.
2785 2660 2789 2664 ·

470 2708 647 2761 Parm.
669 2712 841 2762 Vicet.
861 2712 1010 2765 Junt.
1033 2711 1327 2776 Gryphdiae
1348 2712 1537 2776 Isingr.
1561 2714 1778 2777 Raphel.
1820 2714 1998 2777 elapsa
2035 2712 2335 2761 litera.—88
2367 2711 2689 2775 impressaque

464 2773 615 2825 Leid.
638 2791 718 2840 pr.
742 2777 860 2827 Pat.
907 2778 1008 2827 inc.
1043 2778 1223 2828 Heius.
1244 2776 1365 2829 Ald.
1384 2778 1681 2843 impensaque
1702 2780 1935 2828 Florent.
1949 2783 2176 2842 quatuor
2189 2776 2333 2826 Med.
2360 2781 2468 2825 tres
2491 2775 2690 2827 PetaV.

470 2840 690 2890 totidem
721 2840 899 2891 Ambr.
937 2857 1067 2892 unus
1103 2843 1284 2894 Heius.
1310 2844 1432 2893 Put.
1480 2844 1610 2907 Reg.
1634 2844 1835 2894 Thuau.
1870 2844 2063 2893 Mazar.
2106 2843 2305 2892 Bonon.
2339 2840 2555 2891 TholoS.
2602 2841 2685 2892 ed.

470 2904 641 2955 vicet.
661 2905 907 2956 Heinsius
925 2907 1241 2971 ascripserat
1263 2909 1378 2958 loca
1402 2909 1665 2971 spartian.
1690 2909 1741 2958 in
1777 2908 2067 2958 Hadriano.
2102 2909 2119 2938 ‘
2142 2906 2326 2957 Socrui
2350 2919 2457 2955 suae
2495 2907 2686 2969 praeci-

469 2982 596 3033 puos
629 2970 846 3022 honores
881 2971 1138 3036 impendit
1176 2973 1310 3023 ludis
1352 2973 1671 3038 gladiatoriis
1706 2974 2014 3038 eaeterisque
2047 2970 2264 3023 officiis!
2294 2985 2412 3036 pag.
2434 2976 2485 3020 5.
2531 2971 2569 3023 1.
2603 2975 2685 3023 2⁰.

1469 3096 1683 3147 NOTAE

533 3207 599 3254 82
630 3205 775 3270 Alpe]
832 3207 1094 3258 Hannibal
1139 3208 1401 3273 superavit
1440 3207 1533 3259 Al·
1610 3225 1743 3260 mam
1799 3208 2136 3274 explorabat:
2192 3205 2399 3256 Fulvius
2454 3205 2679 3257 Flaccus

469 3297 586 3346 pes,
604 3285 769 3347 ruptis
793 3292 942 3335 aceto
965 3286 1172 3351 ignique
1195 3288 1449 3339 cautibus.
1610 3301 1713 3336 non
1736 3286 1876 3348 tulit,
1909 3285 2001 3335 sed
2026 3290 2225 3334 armata
2245 3296 2399 3332 manu
2439 3281 2589 3332 illum
2625 3283 2680 3332 in

530 3362 592 3408 83
631 3359 907 3424 Proximus]
951 3362 1215 3412 Hannibal
1257 3365 1414 3414 tertio
1460 3365 1528 3414 ab
1609 3370 1784 3415 castra
1805 3377 1896 3419 sua
1917 3360 2167 3412 recedere
2190 3358 2381 3423 coegit.
2430 3358 2538 3408 Die
2564 3373 2683 3424 pos-

466 3433 609 3484 Urbe
626 3436 798 3500 lapide
813 3444 988 3488 eastra
1006 3447 1230 3488 metatus
1245 3445 1327 3489 est
1349 3456 1363 3490 ε
1389 3443 1528 3492 unde
1610 3447 1743 3503 tera,
1764 3446 1821 3489 et
1856 3436 2025 3489 adhue
2055 3443 2328 3504 sequente,
2349 3435 2504 3486 ambo
2527 3449 2680 3486 exer·

465 3510 829 3575 Proverbium,
875 3518 892 3543 ⁴
914 3515 1175 3567 Hannibal
1202 3519 1267 3567 ad
1307 3518 1526 3582 portas,'
1607 3517 1743 3567 citus
1776 3517 2022 3566 alacriter
2057 3527 2293 3580 pugnare
2324 3512 2681 3576 apparabant,

466 3587 534 3637 ad
571 3589 903 3642 indicandum
948 3594 1227 3644 maximum
1269 3595 1529 3648 Romano·-
1607 3593 1701 3644 sed
1732 3601 1914 3644 exorta
1949 3591 2124 3641 subita
2156 3595 2493 3653 tempestate,
2513 3589 2679 3640 semei

464 3679 577 3714 rum
622 3672 892 3719 terrorem.
982 3672 1084 3720 Sed
1129 3672 1216 3723 ille
1271 3674 1528 3738 imbrium,
1607 3679 1764 3738 atque
1800 3671 1988 3721 iterum
2018 3668 2267 3733 perculsi,
2296 3683 2329 3717 a
2371 3682 2552 3732 pugna
2581 3667 2678 3718 de-

462 3748 835 3811 venturumque
872 3747 1134 3809 violentia,
1173 3751 1314 3798 velut
1338 3750 1524 3800 divini·
1603 3749 1869 3799 stiterunt.
1934 3749 2349 3810 Cetemmquam
2370 3744 2548 3793 Livius
2566 3744 2678 3794 Cel·

464 3824 565 3883 tus,
584 3819 649 3869 ab
673 3822 811 3871 urbis
836 3825 1085 3873 moenibus
1116 3833 1400 3875 summotus
1424 3833 1522 3877 est.
1601 3822 1749 3873 linem
1770 3822 2186 3888 vocat,Valerius
2210 3822 2473 3871 Maximus
2494 3820 2676 3885 appel·

526 3896 597 3945 86
614 3897 784 3961 Maro]
804 3899 1035 3949 Sustinui
1056 3902 1183 3950 meis
1208 3903 1364 3953 muris
1379 3904 1521 3953 Mar·
1603 3901 1677 3950 lat
1693 3906 1881 3965 portum
1902 3903 2159 3964 Capenam,
2182 3913 2287 3965 qua
2323 3897 2531 3947 seilicet
2564 3897 2675 3946 itur

462 3976 589 4034 tem,
641 3972 739 4023 boe
780 3980 863 4024 est
907 3975 1278 4041 Hannibalem,
1324 3980 1522 4030 circum
1603 3978 1853 4042 Capuam.
1917 3978 2005 4030 Sic
2038 3976 2173 4028 enim
2205 3976 2329 4025 ille:
2365 3974 2669 4039 ‘Capenam

458 4063 575 4099 mea
628 4051 816 4101 moenia
870 4068 990 4103 cum
1033 4054 1235 4105 duobus
1287 4059 1522 4121 equitnm
1602 4061 1813 4118 portam
1837 4055 1991 4104 armis
2016 4052 2274 4104 Annibale
2295 4048 2572 4116 pulsant&

458 4126 685 4178 millibus
705 4131 1109 4195 obequitantem.
1310 4150 1316 4156 ·
1669 4135 1732 4180 88
1766 4130 1974 4193 Saenia]
2028 4129 2222 4178 Tribus
2265 4126 2413 4178 bellis
2433 4125 2667 4195 Punicis,

525 4202 788 4268 Not-tesqua
808 4212 1028 4256 cruentas
1051 4207 1236 4258 Collina
1251 4223 1342 4272 pro
1363 4209 1523 4274 turre]
1602 4208 1687 4256 vel
1718 4204 2248 4274 Carthaginiensibus,
2284 4204 2455 4256 Roma
2486 4203 2670 4255 diutis-

460 4275 724 4329 Hannibal
765 4297 798 4332 a
838 4292 988 4345 porta
1014 4285 1219 4334 Collina
1254 4301 1414 4352 usque
1451 4286 1519 4337 ad
1601 4284 1729 4337 slme
1748 4283 1972 4351 fatigata
1994 4290 2095 4336 est.

458 4354 712 4420 templum
754 4357 1001 4410 Herculis
1042 4359 1364 4429 obequitans,
1414 4363 1519 4415 Ro·
