2925 4928
897 474 995 527 DE
1043 472 1285 521 BELLo
1332 471 1773 521 GlLDonO.

225 619 378 685 Hoc
411 620 689 698 FabiuS,
720 617 1041 702 fortisque
1068 615 1230 680 mihi
1263 615 1625 681 Marcellus
1669 617 1975 699 agebant,

222 721 316 787 Ut
343 723 595 788 Gildon
625 723 988 788 cumularet
1016 741 1185 804 opes
1204 721 1235 784 ‘l
1280 720 1537 785 haurire
1566 739 1824 785 venena

220 824 679 909 compulimus
709 826 926 913 dirum
956 820 1374 910 Syphacem?
1391 823 1820 908 fractumque
1835 851 1839 858 ·
1853 822 2126 889 Metello

216 928 575 994 Traximus
605 929 956 992 immanem
985 927 1188 991 Marii
1215 928 1340 991 sub
1372 927 1596 992 vincla
1625 926 1672 991 J
1674 928 2075 1010 ugurtham'l

216 1030 302 1098 Et
334 1028 653 1095 Numidae
682 1029 993 1096 Gildonis
1021 1032 1256 1096 erunt'l
1301 1050 1427 1115 pro
1461 1030 1694 1096 funera
1722 1032 1943 1096 tanta!

217 1134 351 1198 Pro
378 1134 605 1199 labor!
650 1136 719 1198 in
755 1134 1015 1198 Bocchi
1042 1154 1314 1216 regnum
1344 1134 1608 1198 sudavit
1637 1138 1907 1218 uterque

216 1236 448 1320 Scipio
466 1239 498 1301 ‘l
546 1236 855 1301 Romano
887 1236 1152 1301 vicistis
1191 1238 1512 1319 sanguine
1542 1235 1766 1302 Mauri
1785 1238 1816 1301 ‘l

2339 718 2427 783 90

2334 1237 2424 1303 95

215 1387 279 1437 ad
298 1388 488 1451 hunam,
508 1390 595 1438 hoc
617 1387 896 1448 faciebant3
932 1386 1108 1437 Fabius
1143 1391 1190 1435 et
1228 1387 1486 1437 Marcellus
1507 1386 1748 1437 bellicosas
1775 1387 1861 1436 hoc
1893 1384 2157 1436 faciebant
2195 1386 2333 1449 mihi,
2364 1391 2420 1437 at

216 1454 362 1502 Gildo
375 1456 690 1503 accumularet
713 1449 947 1503 divitias?
977 1453 1214 1513 coe'gimus
1232 1452 1496 1529 Syphacem
1516 1453 1747 1502 crudelem
1769 1452 1925 1502 bibere
1944 1453 2094 1514 υἰνιιε,
2112 1456 2159 1501 el
2178 1453 2423 1515 rapuimus

211 1517 265 1567 in
281 1524 472 1568 calenas
490 1520 641 1568 Marii
655 1521 699 1567 J
697 1519 948 1581 ugurtham
963 1516 1213 1583 efferum,j
1219 1532 1300 1566 am
1316 1518 1570 1567 edomitum
1589 1533 1620 1567 a
1637 1515 1866 1567 Metello?
1895 1518 1961 1566 Et
1976 1518 2090 1566 haec
2103 1518 2427 1581 pertinebunt,

216 1581 280 1631 ad
314 1584 570 1633 Gildonem
591 1580 880 1633 Numidam?
920 1583 965 1631 Ο
987 1588 1159 1632 mortes
1177 1534 1344 1632 ilanlae.
1338 1582 1356 1617 Ι
1387 1600 1414 1632 o
1435 1582 1587 1632 labor.
1581 1580 1599 1617 V
1631 1582 1764 1631 ambo
1786 1581 2028 1647 Scipiones
2044 1584 2347 1646 sudaverunt,
2367 1587 2425 1631 nt

214 1648 431 1699 Bocchus
461 1645 724 1711 regnaret?
756 1664 787 1698 o
807 1649 976 1698 Mauri
994 1650 1254 1712 superactis
1271 1659 1437 1698 cruore
1469 1643 1715 1697 Romam?
1750 1648 1838 1697 Ille
1852 1648 2053 1712 populus
2071 1648 2254 1697 tamdiu
2282 1647 2423 1698 bella-

1143 1758 1260 1777 OOO‘
1262 1758 1320 1777 θ’
1353 1758 1501 1776 Ome

1092 1858 1144 1906 p.
1167 1846 1281 1892 192.
1298 1843 1315 1871 ‘
1340 1842 1638 1906 impendere
1658 1842 1932 1892 sudorem.'
1954 1857 2026 1892 ιν.
2051 1843 2204 1892 Cous.
2224 1841 2424 1893 Honor.

213 1912 324 1958 649.
359 1908 451 1958 ‘0
475 1909 601 1958 mibi
641 1909 685 1957 si
723 1909 880 1959 liceat
921 1908 1155 1957 thalamis
1195 1907 1499 1971 impendere
1533 1907 1789 1957 carmenl'
1829 1908 1918 1957 ubi
1942 1908 2081 1970 vide,
2093 1921 2221 1984 ’quae
2259 1907 2309 1957 in
2344 1908 2421 1957 bis

212 1974 333 2023 Var.
356 1975 464 2025 LL.
488 1981 668 2024 notata
702 1979 840 2023 sunt.
868 1980 923 2023 et
961 1974 1015 2022 in
1038 1973 1200 2023 Laud.
1221 1973 1433 2022 Serenae
1458 1988 1532 2023 vs.
1558 1978 1668 2023 112.
1700 1976 1845 2023 ‘non
1870 1979 1993 2022 ante
2031 1973 2133 2022 suis
2169 1972 2425 2050 impendit
2489 2031 2492 2032 ⁷

214 2052 433 2089 amorem
456 2038 803 2103 Pignoribns.'
838 2046 892 2089 et
913 2038 1106 2102 Eidyll.
1143 2052 1208 2089 11.
1232 2053 1305 2087 VS.
1331 2042 1411 2088 31.
1449 2039 1605 2088 ‘Nec
1626 2040 1703 2087 nis
1707 2039 1723 2087 i
1744 2039 2009 2088 servandae
2030 2037 2207 2101 jactus
2229 2038 2426 2125 impert:

213 2102 333 2154 dere
359 2104 521 2155 vitae!
558 2103 693 2153 infra
716 2119 791 2153 vs.
812 2108 930 2155 450.
965 2105 1152 2155 ‘Quas
1186 2103 1369 2167 vigilat
1390 2105 1603 2166 Veneri,
1643 2106 1826 2153 castris
1869 2104 2170 2167 impendere
2212 2102 2425 2153 noctes?

213 2168 342 2218 bellis
361 2171 488 2219 Vat.
512 2184 614 2220 sec.
638 2169 756 2218 bello
775 2170 900 2219 Vat.
924 2184 1002 2233 pr.
1046 2176 1104 2219 et
1140 2176 1258 2219 tert.
1281 2170 1398 2218 Pal.
1422 2168 1566 2219 Pric.
1599 2169 1761 2219 Oisel.
1800 2171 1994 2219 Matar.
2023 2170 2143 2219 Vat.
2185 2168 2424 2218 Livia.-

214 2237 277 2288 89
306 2234 457 2284 Hunc
477 2236 603 2284 Vat.
627 2235 791 2300 quint.
823 2236 965 2284 simul
986 2241 1092 2284 tres
1117 2235 1259 2283 Vatt.
1300 2234 1416 2283 Pal.
1436 2236 1607 2290 Fara.
1631 2236 1777 2284 Rott.
1812 2234 1933 2283 mihi
1956 2235 2074 2284 Vat.
2111 2249 2193 2296 pr.
2220 2241 2274 2283 et
2297 2240 2423 2285 tert.

214 2305 314 2350 vet.
338 2299 642 2363 Gyr.Pric.
666 2299 831 2349 Oisel.
855 2301 1087 2349 Floreat.
1126 2299 1230 2348 inc.
1267 2298 1450 2350 Heius.
1473 2300 1671 2350 Mazar.
1695 2299 1815 2350 Pat.
1854 2298 2000 2349 Leid.
2035 2314 2116 2363 pr.
2141 2297 2319 2349 Ambr.
2342 2314 2427 2362 pr.

214 2364 330 2420 Vat.
356 2364 527 2415 Livin.
551 2365 682 2413 Exc.
707 2364 835 2415 Cod.
859 2365 1040 2414 Rhem.
1063 2364 1252 2414 Sched.
1274 2364 1413 2414 Gud.
1453 2365 1573 2414 mihi
1615 2366 1695 2414 vel
1732 2365 1873 2416 simul
1897 2366 2020 2414 Put.
2055 2364 2224 2425 agebat
2249 2364 2423 2413 trede-

214 2428 309 2479 cim
333 2429 505 2480 Codd.
529 2439 585 2480 et
607 2431 737 2481 Exc.
778 2430 993 2480 Gevart.
994 2434 1122 2480 -91
1158 2428 1409 2493 Siphacem
1429 2430 1559 2480 Lov.
1595 2430 1856 2496 Syphacem
1894 2429 2052 2479 dirum
2080 2428 2218 2480 Med.
2255 2435 2426 2492 quart.

214 2495 516 2545 dmmvat.
535 2497 696 2560 quint.
716 2497 841 2545 Lov.
866 2497 1011 2545 Leid.
1035 2511 1112 2561 pr.
1136 2495 1309 2544 Oxon.
1337 2509 1417 2558 pr.
1442 2496 1679 2546 metallum
1696 2498 1819 2546 Vat.
1838 2502 2005 2560 quart.
2008 2499 2133 2544 -93
2153 2509 2242 2558 pro
2244 2494 2428 2555 funera

214 2559 330 2610 Vat.
348 2575 432 2624 pr.
448 2577 516 2610 m.
535 2575 613 2624 pr.
627 2562 750 2611 Put.
762 2562 1068 2625 quanlaVat.
1121 2560 1250 2610 nint.
1267 2565 1402 2609 lanta
1422 2561 1502 2609 vel
1521 2566 1698 2624 quanta
1711 2559 1889 2610 Ambr.
1910 2574 2014 2609 sec.
2018 2563 2146 2609 --94
2160 2560 2425 2609 dolorVat.

221 2631 380 2688 quart.
397 2628 552 2676 Farn.
571 2627 711 2676 Prie.
729 2627 832 2677 duo
848 2625 1032 2676 Ambr.
1051 2627 1098 2674 la
1128 2640 1182 2675 or
1197 2624 1364 2676 Oisel.
1377 2626 1609 2676 Floreat.
1623 2641 1692 2674 ιιι.
1710 2640 1789 2689 pr.
1806 2625 1907 2674 dno
1921 2624 2065 2675 Med.
2080 2626 2202 2674 Put.
2219 2624 2424 2676 Thuan.

218 2689 395 2740 Petav.
416 2706 524 2740 sec.
540 2692 739 2742 Bonon.
755 2693 874 2742 Pat.
887 2692 1089 2741 '.Pholos
1106 2688 1286 2738 Ambr.
1303 2696 1426 2739 tert.
1445 2692 1572 2740 Lov.
1586 2691 1707 2740 Vat.
1725 2691 1893 2741 Livin.
1909 2692 2039 2738 Exc.
2061 2691 2276 2738 Gevart.
2287 2690 2427 2738 dolor

219 2756 447 2805 vallabor
473 2756 617 2807 Med.
640 2773 718 2822 pr.
743 2757 914 2807 Oxon.
953 2771 1035 2821 pr.
1079 2761 1135 2805 et
1165 2770 1270 2805 sec.
1293 2755 1449 2804 Bochi
1470 2755 1593 2807 Vat.
1632 2770 1713 2821 pr.
1742 2757 1863 2805 Boci
1883 2756 2005 2805 Var.
2028 2755 2131 2804 LL.
2155 2755 2237 2803 ed.
2263 2753 2423 2805 Antv.

218 2834 407 2881 regnum
430 2821 590 2871 Boclu‘
623 2828 731 2872 tres
751 2823 902 2871 Watt
936 2822 1130 2871 Moret.
1154 2834 1232 2884 pr.
1265 2819 1455 2871 sudabit
1478 2821 1600 2872 Vnt.
1638 2836 1718 2885 pr.
1742 2823 1932 2870 sudaret
1956 2820 2146 2869 Petav.
2190 2826 2311 2869 tert.
2353 2834 2422 2868 m.
2434 2847 2437 2851 ·

220 2898 291 2948 pr.
312 2887 449 2936 unde
484 2885 673 2937 sudarit
711 2888 924 2951 corrigit
945 2886 1131 2937 Heius.
1150 2890 1346 2950 aterque
1377 2886 1460 2935 vel
1490 2891 1688 2950 utroque
1706 2886 1910 2936 Tholos.
1913 2889 2039 2934 -95
2076 2885 2234 2935 vicisti
2253 2885 2427 2937 Oxou.

214 1848 268 1893 et
279 1842 507 1893 Trebell.
531 1843 716 1894 Pollio.
739 1844 792 1892 in
812 1843 1075 1907 Odenato,

1203 3012 1419 3066 NOTAE
2425 3003 2456 3022 ‘

277 3135 337 3180 91
373 3129 662 3199 Syphacem]
717 3131 823 3183 Hic
864 3130 981 3182 Rex
1016 3127 1278 3181 Numidiae
1359 3129 1481 3180 huic
1503 3129 1697 3181 bellum
1720 3130 1985 3181 indicunt:
2009 3129 2166 3180 variis
2188 3128 2425 3179 cladibus

221 3207 439 3271 Scipioni
462 3223 562 3272 per
585 3209 803 3259 Laelinm
826 3207 1152 3266 conciliatae,
1176 3206 1280 3256 vio-

222 3286 320 3335 lata
340 3285 466 3349 fide,
492 3285 771 3336 Hannibali
795 3285 1029 3347 adhaesit,
1059 3283 1152 3333 sed
1177 3285 1278 3334 vic·

223 3368 298 3411 tus
339 3378 372 3412 a
406 3362 701 3426 Masinissa,
741 3370 797 3413 et
837 3372 875 3412 a·
919 3361 1181 3425 Scipione,
1224 3359 1274 3408 in

222 3439 473 3503 triumpho
497 3439 686 3489 ductus
711 3445 808 3489 est.
874 3439 937 3488 In
963 3451 1174 3488 carcere
1198 3437 1274 3486 in-

220 3514 329 3564 edia
382 3515 573 3580 periit:
631 3530 733 3566 non
789 3524 962 3566 tamen
1018 3529 1275 3565 venenum

219 3593 398 3654 bausit,
449 3595 543 3644 sed
587 3594 872 3645 Hannibal.
949 3591 1105 3644 Unde
1148 3608 1275 3642 non-

219 3674 338 3722 nulli
357 3672 562 3736 legunt,
580 3675 898 3737 Compulimus
936 3664 1095 3722 dirum
1134 3672 1275 3722 Han·
1310 3721 1317 3727 ,

217 3749 426 3800 nibalem.
495 3751 716 3801 Ovidius
748 3750 1008 3818 Syphacem
1032 3750 1277 3814 producit

217 3823 265 3872 in
299 3827 530 3876 secunda
562 3828 793 3890 syllaba.
817 3827 833 3855 ‘
859 3826 1085 3892 Superat
1119 3825 1278 3875 Masi-

219 3899 349 3950 nissa
368 3903 696 3966 Syphacem!

276 3982 340 4028 92
358 3979 682 4043 Jngurtham]
716 3981 939 4045 Micipsa
961 3983 1075 4031 Rex
1099 3979 1280 4031 Numi-

218 4052 311 4105 diae
333 4056 651 4121 Jugurtham
692 4057 869 4110 fratris
910 4062 987 4109 sui
1012 4061 1279 4110 Manasta-

220 4128 342 4181 balis
372 4132 561 4195 filium,
599 4148 717 4183 cum
756 4134 954 4184 duobus
991 4134 1112 4184 filiis
1157 4135 1280 4197 suis,

220 4206 468 4257 haeredem
492 4210 781 4275 relinquit:
817 4219 873 4260 at
904 4211 1165 4276 Jugurtna
1180 4210 1282 4260 fra-

1358 3205 1447 3256 ille
1483 3222 1515 3256 a
1552 3208 1773 3258 Metello
1813 3207 2062 3273 affligitur
2096 3213 2253 3272 atque
2285 3204 2426 3255 fran-

1357 3284 1531 3346 gitnr3
1574 3285 1666 3335 sed
1705 3285 1913 3335 tandem
1953 3293 2157 3349 captus,
2195 3291 2351 3349 atque
2393 3298 2426 3333 a

1359 3362 1531 3412 Mario
1576 3362 1628 3413 in
1655 3363 1909 3426 triumpho
1955 3364 2159 3425 ductus,
2205 3369 2327 3426 post
2371 3362 2424 3410 in

1355 3453 1585 3500 carcere,
1606 3439 1785 3488 dolore
1806 3439 2099 3489 contabuit.

1419 3518 1484 3563 93
1520 3515 1592 3562 Et
1616 3513 1840 3563 Numidoe
1888 3514 2109 3565 Gildonis
2133 3514 2309 3578 >mun
2354 3514 2427 3564 Et

1354 3592 1465 3641 haec
1487 3598 1642 3641 erunt
1661 3591 1715 3640 in
1738 3597 2000 3655 potestate
2035 3589 2303 3641 Gildonis?
2337 3584 2428 3656 qui

1355 3668 1518 3718 modo
1533 3669 1747 3718 Maurus
1787 3667 1939 3718 modo
1963 3666 2192 3716 Numida
2213 3665 2426 3725 dicitur,

1356 3746 1478 3812 qnia
1495 3745 1571 3794 his
1592 3746 1795 3809 populis
1818 3743 2128 3808 imperabat.

1420 3828 1487 3874 94
1520 3824 1583 3874 In
1604 3824 1784 3874 Bocchi
1821 3823 2041 3887 regnam]
2109 3821 2184 3871 Ut
2224 3818 2425 3871 Bocchi

1358 3900 1641 3965 posteritas
1662 3898 1851 3950 Africa'
1865 3897 2150 3962 potiretur?
2183 3897 2423 3947 Bocchus

1359 3984 1536 4028 antem
1571 3975 1675 4027 fuit
1711 3978 1828 4027 Rex
1850 3974 2184 4026 Mauritaniae
2217 3978 2273 4023 et
2302 3972 2429 4023 Gae-

1358 4054 1523 4104 tuliae.

1426 4137 1490 4182 95
1528 4130 1719 4195 Mauri]
1767 4130 1958 4194 Populi
1999 4128 2235 4180 Africae:
2271 4123 2425 4176 vicis-

1363 4209 1500 4258 tisne
1543 4204 1705 4257 effuso
1758 4207 2006 4270 sanguine
2047 4201 2428 4254 Romanorum?

223 4287 319 4331 tres
353 4285 621 4348 patrueles
650 4286 946 4349 impuberes
980 4287 1201 4348 occidit,
1222 4291 1282 4335 ut
1362 4283 1448 4334 An
1473 4283 1590 4333 ideo
1612 4282 1805 4339 effusus
1828 4290 1913 4334 est
1924 4296 2102 4333 eorum
2125 4279 2349 4347 sanguis,
2366 4284 2427 4347 ut

224 4361 349 4411 solus
371 4368 572 4427 regnet.
638 4363 857 4415 Romani
892 4364 1088 4415 crimen
1125 4363 1285 4414 ulturi
1363 4359 1683 4411 vinceretis?
