2925 4928
502 387 633 455 142
1258 403 1375 452 οι.
1424 401 1855 454 cLAumAm
1902 404 1972 453 ν.

502 545 592 613 Et
618 568 833 612 rerum
862 549 1257 613 commissus
1287 569 1502 632 apex:
1549 549 1674 613 tibi
1704 549 1959 612 credita
1986 546 2266 612 fratrum
2674 545 2727 608 5

505 648 805 733 Utraque
833 650 1182 733 majestas,
1213 653 1622 734 geminaeque
1653 652 1983 716 exercitus
2014 650 2209 714 aulae.

506 752 797 818 Rufinus
825 752 1069 839 (neque
1097 755 1269 818 enim
1300 757 1644 837 patiuntur
1675 775 1862 821 see-va
1891 754 2191 837 quietem

508 854 825 934 Crimina,
854 857 1255 940 pollutaeque
1282 861 1520 940 negant
1549 877 1849 921 arescere
1878 856 2144 934 fauces)

507 959 813 1024 Infandis
843 961 1074 1023 iterum
1103 964 1311 1023 terras
1342 959 1706 1023 accendere
1736 959 1931 1024 bellis

507 1062 807 1141 Inchoat,
835 1068 900 1126 et
927 1063 1124 1126 solito
1154 1081 1396 1146 pacem
1424 1081 1671 1127 vexare
1702 1061 2003 1126 tumultu.
2644 1061 2740 1124 10

511 1164 692 1229 Haec
719 1166 915 1229 etiam
948 1184 1212 1229 secum:
1261 1163 1577 1242 Quanam
1608 1165 1860 1228 ratione
1888 1165 2123 1227 tuebor

510 1269 711 1352 Spem
740 1269 899 1333 vitae
928 1267 1275 1350 fragilem‘e
1325 1287 1459 1351 qua
1488 1272 1588 1332 tot
1618 1266 1946 1349 depellere
1975 1266 2222 1330 fluctus

510 1370 675 1436 Arte
707 1373 991 1454 queam?
1038 1390 1295 1454 premor
1325 1371 1476 1434 hinc
1507 1370 1724 1448 odiis;
1770 1369 1925 1432 hinc
1972 1370 2179 1434 milite
2212 1371 2457 1453 cingor.

512 1473 715 1541 Heu!
765 1474 923 1557 quid
954 1494 1152 1556 agam
1170 1474 1200 1536 't
1245 1492 1380 1537 non
1411 1492 1597 1537 arma
1627 1472 1811 1550 mihi,
1839 1491 1974 1537 non
2003 1471 2343 1557 Principis
2370 1474 2548 1538 ullus

512 1574 904 1640 Auxiliatur
935 1596 1160 1642 amor:
1206 1583 1461 1642 matura
1492 1577 1794 1660 pericula
1822 1581 2092 1659 surgunt
2648 1575 2742 1640 15

514 1725 749 1788 Mnjestas
775 1727 999 1775 Fratrum
1019 1727 1257 1777 amborum
1277 1731 1563 1778 demandata
1586 1734 1667 1776 est
1707 1727 1816 1790 tibi,
1838 1732 1886 1776 et
1906 1726 2100 1790 agmina
2118 1726 2286 1787 Regia
2305 1725 2520 1787 duplicis.
2594 1724 2743 1789 Rufi·

511 1806 600 1839 nus
620 1792 828 1854 (etenim
862 1794 1034 1841 scelera
1068 1795 1249 1842 atrocia
1286 1809 1376 1842 uon
1411 1795 1697 1856 permittunt
1730 1793 1955 1856 requiem,
1992 1797 2038 1840 et
2073 1795 2245 1854 guttur
2283 1791 2509 1849 infectum
2544 1793 2743 1838 recusat

509 1857 791 1918 siccescere)
834 1857 1048 1906 Rufinus
1090 1859 1260 1921 incipit
1293 1873 1455 1908 rursus
1487 1858 1643 1907 orbem
1677 1859 1728 1905 in
1799 1872 1973 1905 minare
2006 1856 2194 1919 proeliis
2226 1856 2440 1917 nefariis,
2463 1861 2510 1903 et
2530 1854 2740 1902 turbare

510 1936 673 1984 pacem
709 1922 1016 1970 seditionibus
1050 1924 1296 1972 consuetis.
1362 1924 1497 1978 Quin
1531 1928 1579 1972 et
1621 1923 1701 1970 Ru
1741 1937 1835 1970 nus
1872 1923 1947 1971 ait
1968 1923 2089 1970 talia
2119 1921 2260 1970 rerba
2294 1936 2479 1969 secum.-
2516 1920 2745 1974 Quonam

514 1987 649 2035 modo
678 1987 951 2035 conservabo
983 2003 1112 2049 spem
1131 1987 1327 2036 debilem
1361 1988 1478 2036 vitae
1510 1987 1675 2036 meze?
1707 2002 1800 2050 qua
1819 1986 2057 2035 industria
2075 1986 2249 2050 possim
2270 1992 2481 2034 avertere
2507 1989 2584 2032 tot
2621 1989 2744 2032 tem-

510 2048 754 2112 pestates?
785 2050 894 2100 hinc
915 2051 1087 2101 obruor
1126 2053 1327 2112 invidia,
1348 2053 1458 2101 inde
1501 2051 1760 2101 obsidem-a
1780 2051 2027 2099 militibus.
2094 2050 2210 2100 Ah!
2240 2050 2356 2113 quid
2388 2045 2613 2110 faciam?
2647 2063 2745 2097 non

514 2115 724 2164 cohortes
756 2116 1050 2178 opitulantur
1087 2117 1223 2180 milii,
1258 2132 1350 2167 non
1392 2119 1492 2166 ulla
1524 2116 1839 2166 benevolentia
1862 2116 2191 2180 Imperatoris.
2259 2115 2559 2164 Discrimina
2577 2113 2745 2162 subita

1445 2230 1806 2250 OO‘OO‘OOOO‘O

520 2324 627 2360 sec.
669 2311 797 2361 Exc.
840 2311 975 2361 Laeti
1021 2328 1052 2361 a
1090 2328 1162 2363 m.
1200 2329 1303 2364 sec.
1343 2314 1513 2364 Stilico
1550 2315 1671 2364 Vat.
1715 2329 1818 2364 sec.
1857 2314 2100 2363 Rom—5
2135 2313 2324 2362 condita
2347 2313 2478 2362 Exc.
2520 2313 2745 2361 Voss.—

516 2380 552 2424 6
583 2376 743 2425 exitus
775 2377 1045 2426 vicen—⁷
1087 2379 1298 2444 Ruffinus
1334 2382 1456 2430 Vat.
1502 2388 1670 2446 quart.
1719 2379 1901 2445 Ruffini
1942 2379 2145 2430 Tmolos.
2185 2393 2337 2427 scaeva
2380 2379 2506 2426 Var.
2556 2377 2667 2425 LL.
2714 2391 2746 2425 e

519 2455 685 2506 marg.
726 2441 901 2491 Parm.
937 2457 1022 2492 nec
1042 2444 1167 2493 enim
1190 2445 1306 2495 Pal.
1332 2445 1478 2496 Prie.
1502 2447 1649 2496 Rott.
1677 2447 1800 2496 Put.
1824 2444 1942 2495 Pat.
1964 2443 2149 2494 Ambr.
2193 2459 2273 2508 pr.
2313 2449 2369 2493 et
2392 2448 2501 2493 tres
2527 2441 2747 2492 Mede?-

521 2510 553 2555 8
580 2508 871 2570 pallidasque
907 2508 1098 2559 Moret.
1125 2525 1201 2573 pr.
1233 2513 1513 2576 pollutoeque
1537 2513 1618 2560 vel
1652 2513 1944 2575 pollutasque
1982 2511 2112 2573 Reg.
2138 2512 2378 2572 avidoeque
2405 2524 2454 2557 v.
2488 2509 2747 2572 opidasque

523 2570 697 2621 Oxou.
744 2585 1057 2623 mansuescere
1100 2575 1248 2625 Med.
1293 2584 1415 2626 tert.
1462 2577 1648 2626 Petav.
1697 2579 1921 2625 tert.—9
1952 2580 2191 2638 terrasque
2213 2575 2339 2623 Lov.
2362 2573 2587 2637 flammis
2610 2572 2746 2635 Reg.

520 2633 703 2686 Ambr.
740 2652 819 2700 pr.
844 2638 1017 2688 Oxou.
1056 2641 1199 2689 terris
1236 2642 1381 2690 Leid.
1421 2641 1543 2690 duo.
1586 2642 1631 2691 b.
1673 2642 1922 2690 accendere
1958 2645 1996 2687 t.
2023 2640 2126 2688 Ms.
2148 2639 2323 2688 Pulm.
2348 2643 2401 2686 et
2423 2638 2747 2686 Barth—10

519 2701 672 2749 subito
697 2701 840 2752 Med.
865 2718 969 2752 sec.
993 2705 1185 2754 turbare
1221 2706 1365 2755 Prie.
1388 2708 1581 2755 'I'huam
1624 2707 1823 2755 Mazar.
1865 2704 2051 2754 Petav.
2096 2709 2217 2753 tert.
2241 2705 2369 2753 Exc.
2393 2703 2618 2752 Lucens.
2637 2719 2640 2722 ’
2661 2715 2744 2765 pr.

519 2780 694 2815 vexare
720 2774 825 2815 tres
849 2769 972 2816 Vat.
997 2769 1112 2818 Pal.
1136 2771 1292 2821 Farn.
1333 2771 1459 2820 Put.
1485 2773 1616 2835 Reg.
1644 2773 1830 2821 Patav.
1865 2784 1946 2833 pr.
1987 2768 2090 2817 duo
2116 2768 2285 2818 Oxou.
2309 2774 2366 2817 et
2407 2767 2558 2817 Leid.
2596 2765 2744 2816 Med.

515 2829 646 2892 duo,
670 2833 822 2881 ambo
850 2833 1039 2882 Moret.
1061 2835 1190 2884 Lair.
1214 2837 1412 2885 Bonon.
1449 2844 1555 2886 tres
1579 2835 1760 2885 Ambr.
1784 2835 1887 2883 duo
1911 2833 2097 2883 Heius.
2121 2834 2250 2882 Exe.
2278 2834 2493 2883 Gevart.
2516 2833 2745 2880 Lraeens.

523 2909 629 2944 sec.
654 2896 839 2947 Sched.
858 2897 998 2948 Gud.
1024 2907 1080 2948 et
1102 2900 1187 2949 ed.
1209 2902 1383 2950 vicet.
1429 2902 1556 2949 Var.
1603 2903 1710 2951 LL.
1747 2900 1832 2949 ed.
1871 2898 2031 2948 Antv.
2074 2898 2265 2947 turbare
2294 2898 2376 2946 vel
2398 2912 2576 2946 vexare
2598 2898 2744 2945 Rott.

521 2959 668 3009 Thol.
685 2962 815 3009 Exc.
836 2961 1114 3013 Laeti.-11
1129 2963 1254 3023 fecit
1278 2980 1374 3028 pro
1395 2980 1554 3015 secum
1576 2967 1806 3014 Florent.
1833 2966 2049 3019 Quanam
2067 2962 2149 3012 vel
2177 2964 2286 3018 Qua
2305 2978 2428 3012 nunc
2447 2961 2745 3011 Oisel.—14

523 3038 608 3072 nec
624 3025 866 3089 Principis
881 3027 1029 3077 Prie.
1047 3029 1189 3078 Med.
1214 3037 1384 3095 quart.
1406 3031 1533 3080 Exc.
1559 3030 1782 3080 Lucens.
1807 3032 2023 3093 pr.-—16
2039 3028 2273 3091 impositis
2293 3028 2423 3077 Exc.
2447 3027 2605 3090 Laeti,
2626 3022 2746 3075 Ald.

591 3240 621 3284 5
659 3234 838 3285 Rerum
870 3237 1015 3302 apex]
1049 3240 1355 3305 Fastigium,
1392 3257 1484 3291 seu
1513 3257 1593 3291 su-
1677 3243 1719 3292 si
1764 3243 1907 3292 timor
1951 3243 2034 3291 vel
2073 3247 2230 3291 tumor
2273 3243 2463 3289 multus.
2531 3232 2748 3287 Dicitur

528 3327 719 3376 premae
744 3312 1029 3377 dignitates
1066 3318 1332 3382 utriusque
1363 3318 1595 3383 Impera·
1676 3319 1887 3383 proprie
1905 3319 1970 3377 de
1998 3319 2130 3367 bello
2150 3317 2354 3367 Gallico
2381 3323 2472 3365 aut
2489 3313 2698 3364 Italico.

528 3390 662 3439 toris
688 3388 784 3441 tibi
807 3391 1093 3442 commissae
1119 3400 1257 3444 sunt.
1745 3399 1807 3443 12
1842 3395 1986 3457 Spem
2009 3394 2122 3443 υἱέα*
2132 3392 2389 3454 fragilem]
2417 3392 2556 3440 Vita*
2584 3402 2749 3454 spem,

595 3464 853 3528 Eratrum]
905 3466 1123 3518 Arcadii
1155 3477 1211 3520 et
1255 3471 1511 3533 Honorii;
1545 3478 1602 3521 et
1681 3486 1796 3535 quae
1844 3478 1925 3519 est
1967 3471 2176 3533 exigua,
2213 3468 2432 3530 caduca,
2468 3474 2524 3517 et
2548 3464 2744 3529 fragilis

530 3542 798 3607 utriusque
818 3545 968 3607 aulae,
1007 3547 1600 3612 Constantinopolitanae
1685 3557 1742 3597 ut
1768 3547 1976 3595 vitrum.

527 3619 580 3670 iu
600 3621 838 3685 Oriente,
859 3632 914 3672 et
937 3625 1183 3674 Romanae
1209 3626 1261 3674 in
1280 3625 1599 3676 Occidente.
1752 3623 1974 3686 Fluctus]
2007 3624 2150 3672 Mala
2187 3621 2500 3685 ingruentia,
2533 3627 2590 3669 et
2627 3616 2747 3667 fluc-

530 3698 833 3764 Quanquam
875 3703 1106 3751 nonnulli
1122 3703 1599 3756 dieuntArcadium
1685 3712 1830 3755 tuum
1868 3718 1928 3752 ac
1955 3700 2284 3765 tempestatis
2307 3701 2490 3762 instar,
2529 3699 2744 3748 obruen-

531 3773 718 3837 viginti
742 3790 901 3825 annos
942 3785 1143 3842 natum,
1185 3794 1289 3828 non
1338 3794 1467 3844 opus
1513 3782 1600 3829 ha·
1686 3781 1774 3831 tia.

536 3848 707 3899 baisse
734 3858 932 3901 tutore.
1748 3861 1810 3906 13
1870 3855 2031 3918 Odiis]
2115 3854 2400 3917 PrincipiS,
2457 3859 2744 3915 procerum,

522 3963 525 3966 >
598 3930 630 3974 8
677 3928 901 3976 Arescere
930 3928 1124 3993 fauces]
1177 3933 1194 3958 ‘
1218 3932 1290 3980 Ut
1328 3931 1445 3982 sera
1480 3949 1596 3997 quae
1681 3934 1889 3997 populi:
1928 3947 2025 3980 nec
2067 3931 2252 3979 mirum
2290 3936 2372 3978 est
2411 3929 2486 3978 sic
2529 3924 2741 3976 invisum

532 4009 791 4066 gustatum
832 4007 989 4054 semel
1038 4009 1338 4070 sanguinem
1391 4023 1601 4071 semper
1681 4023 1791 4057 esse
1815 4010 2073 4058 hominem
2097 4006 2466 4056 avarissimum.

528 4078 683 4138 sitit)
737 4081 786 4128 S.
822 4080 1184 4145 Hieronymus.
1251 4079 1471 4147 Semper
1492 4083 1602 4132 fau·
1751 4091 1808 4135 15
1846 4088 2047 4135 Matura
2060 4084 2297 4148 pericula]
2331 4085 2527 4132 Parata
2543 4079 2743 4138 cadere»

528 4169 623 4204 'ces
667 4157 973 4206 madescunt
1020 4173 1225 4222 cruore,
1270 4174 1331 4209 ac
1387 4159 1604 4223 proinde
1685 4171 1744 4214 ut
1787 4179 1990 4227 ponium
2040 4178 2224 4227 nempe
2268 4169 2525 4212 maturum
2577 4153 2740 4207 subito

535 4241 1060 4285 recusantarescere.
1685 4241 1847 4301 cadit,
1885 4241 1960 4288 ita
2005 4247 2062 4289 et
2099 4239 2333 4303 pericula
2356 4238 2530 4288 subito
2565 4242 2740 4284 casura

602 4316 664 4365 10
692 4312 935 4377 nmuttu]
956 4314 1225 4364 Tumultus
1247 4313 1465 4378 dicitur,
1482 4328 1608 4380 qua·
1684 4316 1878 4366 suntin
1901 4321 2067 4381 caput
2085 4314 2300 4374 Rufini„
