2925 4928
463 428 600 497 m
1146 453 1291 510 ..cm
1338 455 1769 509 cunnum
1819 458 2050 512 xvm.

460 589 745 676 Flagitet
773 592 1155 679 Eutropius»,
1183 617 1269 665 ne
1299 599 1458 681 quid
1486 621 1622 666 non
1652 604 1910 687 polluat
1936 626 2157 689 unus;
2536 611 2671 678 283

460 695 625 760 Dux
652 699 853 775 acieS,
877 699 1096 783 judex
1128 703 1465 784 praetoria,
1498 708 1794 789 tempora
1824 706 2097 775 Consul.
2600 718 2607 722 ⁴

456 797 578 862 Nil
609 800 774 864 adeo
804 802 1058 867 foedum
1087 809 1209 883 est,
1239 804 1420 888 quod
1449 827 1583 872 non
1613 815 1855 875 exacta
1886 819 2196 878 vetustas

456 899 782 981 Ediderit,
814 906 1124 991 longique
1153 908 1341 973 labor
1371 912 1781 978 commiserit
1817 912 1973 982 aevi.

457 999 837 1088 OEdipodes
868 1013 1160 1088 matrem,
1192 1016 1415 1075 natam
1447 1012 1728 1077 duxisse
1758 1014 2081 1099 Thyestes

457 1103 852 1174 Cantantur:
886 1113 1149 1193 peperit
1171 1111 1400 1177 fratres
1429 1113 1476 1178 J
1481 1121 1719 1179 ocasta
1747 1120 2009 1196 marito,
2533 1121 2669 1188 2911

456 1207 545 1273 Et
574 1209 871 1292 Pelopea
895 1212 1044 1276 sibi.
1132 1213 1399 1279 Thebas
1430 1236 1513 1280 ac
1544 1217 1776 1283 funera
1804 1220 2030 1305 Trojae
2107 1263 2113 1267 ·

451 1310 694 1376 Tristis
725 1312 1079 1378 Erechthei
1111 1315 1410 1403 deploret
1437 1338 1646 1385 scena
1674 1320 1936 1387 theatri.

449 1494 622 1558 *nequid
658 1510 748 1543 non
784 1498 905 1545 aolus
941 1499 1240 1564 contaminet,
1271 1502 1455 1552 Ductor
1493 1504 1745 1569 exercitus,
1778 1507 1945 1556 Judex
1986 1507 2215 1557 Senatum
2247 1508 2461 1571 polluat,
2492 1509 2676 1559 Consul

450 1574 640 1612 annum.
708 1561 849 1609 Nihil
889 1567 990 1611 tam
1030 1570 1167 1628 turpe
1210 1571 1296 1627 est,
1326 1569 1450 1630 quod
1472 1569 1735 1633 antiquitas
1755 1573 2002 1634 proeterita
2024 1588 2115 1622 non
2131 1574 2433 1636 produxerit,
2454 1579 2504 1622 et
2524 1575 2664 1638 quod

447 1638 554 1673 non
570 1625 717 1674 series
735 1627 886 1688 longae
905 1630 1065 1678 <etatis
1085 1632 1348 1680 admiserit.
1420 1634 1628 1697 OEdipus
1664 1644 1950 1687 memoratur
1984 1638 2175 1687 dux-isse
2195 1644 2410 1701 matrem,
2438 1640 2668 1702 Thyestes

434 1688 634 1752 flliam3
677 1692 872 1740 Joeasta
886 1694 1057 1754 genuit
1067 1694 1255 1751 fratres
1274 1696 1460 1758 conjugi
1478 1712 1570 1747 suo
1595 1701 1807 1763 OEdipo,
1839 1707 1885 1751 et
1912 1703 2109 1765 Pelopea
2129 1703 2234 1752 sibi.
2302 1703 2453 1752 Sceua
2470 1704 2667 1753 misera·

449 1753 560 1803 bilis
576 1755 753 1805 theatri
774 1758 1076 1807 Atheniensis
1097 1761 1231 1823 luget
1257 1762 1453 1825 Thebas,
1481 1768 1531 1812 et
1558 1762 1676 1823 fata
1700 1767 1874 1827 Trojoe.
1943 1769 2110 1816 Tereus
2132 1766 2498 1828 transformatus
2517 1775 2591 1818 est
2612 1771 2671 1819 in

1370 1876 1724 1897 ”enueeeee

447 1936 657 2000 eiliante
698 1951 808 2000 seni
823 1952 860 2001 ?'
893 1953 995 2004 vid.
1018 1956 1232 2007 Salmas,
1256 1957 1322 2006 ad
1352 1959 1491 2011 Hist.
1515 1961 1649 2027 Aug.
1689 1977 1739 2026 p.
1781 1965 2057 2013 486.--285
2096 1964 2317 2026 Flagitat
2338 1963 2460 2013 Vat.
2483 1976 2566 2026 pr·
2592 1976 2659 2015 m.
2716 2026 2723 2035 ν

448 2029 553 2064 sec.
577 2014 715 2066 Prie.
755 2019 882 2068 Exc.
923 2020 1074 2071 Laeti.
1127 2024 1344 2084 Flagitet
1385 2027 1530 2075 Leid.
1577 2043 1658 2091 pr.
1699 2028 1823 2079 Jun.
1861 2043 1940 2091 pr.
1965 2030 2066 2078 duo
2090 2029 2263 2079 Oxou.
2286 2029 2478 2077 Moret.
2500 2042 2581 2090 pr.
2605 2034 2671 2085 et,

446 2093 551 2130 sec.
568 2095 635 2130 m.
660 2096 762 2132 sec.
787 2084 914 2145 Reg.
932 2087 1130 2137 Thuan.
1172 2089 1368 2139 Mazar.
1389 2098 1498 2140 tres
1523 2093 1710 2142 Petav.
1737 2094 1858 2142 Put.
1882 2101 2104 2158 quatuor
2122 2094 2268 2142 Med.
2294 2094 2423 2143 Exc.
2441 2095 2669 2145 Lucemr
2738 2097 2742 2101 ⁴

446 2156 550 2194 sec.
604 2147 832 2209 numquid
877 2150 1024 2199 Med.
1066 2158 1186 2201 tert.
1241 2169 1301 2203 ne
1333 2155 1416 2204 vel
1453 2158 1721 2208 non'Exc.
1773 2159 2087 2208 Laeti.—28⁷
2109 2159 2295 2220 soedum
2318 2158 2499 2207 Ambr.
2534 2164 2667 2217 terte

434 2208 619 2267 foedum
658 2217 726 2260 est
749 2221 972 2277 quatuor
993 2218 1140 2267 Vatt.
1167 2218 1281 2268 Pal.
1321 2221 1475 2270 Farn.
1516 2224 1660 2274 Rott.
1706 2224 1868 2274 Oisel.
1915 2224 2041 2272 Exc.
2084 2225 2234 2273 Laeti.
2286 2223 2517 2273 exhausta
2556 2224 2661 2272 duo

446 2273 590 2324 Med.
645 2278 859 2327 uoluntas
894 2281 1039 2329 Med.
1061 2288 1346 2334 terh—288
1380 2287 1615 2337 Ediderat
1638 2289 1840 2338 Tholas.
1889 2304 2064 2337 memor
2084 2304 2178 2352 pro
2200 2289 2331 2338 labor
2356 2290 2472 2338 Vat.
2491 2288 2660 2351 quint.

447 2338 592 2389 Med.
615 2354 719 2391 sec.
743 2357 809 2392 m.
834 2358 913 2406 pr.
969 2349 1082 2395 anni
1104 2348 1300 2397 Thuan.
1335 2349 1508 2402 Oxou.
1546 2358 1788 2416 pr.—289
1826 2355 2099 2417 OEdopodas
2133 2352 2445 2403 Fara—290
2481 2354 2667 2403 Canta-

442 2407 524 2451 tur
547 2412 765 2468 quatuor
790 2409 932 2459 Vatt.
960 2411 1074 2461 Pal.
1100 2413 1249 2463 Farn.
1274 2414 1413 2464 Prie.
1436 2418 1582 2468 Rott.
1620 2419 1749 2469 Exc.
1774 2419 1924 2468 Laeti.
1974 2420 2251 2469 cantantur
2270 2419 2430 2470 Oisei.
2456 2419 2658 2469 Bonon-

442 2469 642 2521 TholoS.
678 2471 826 2524 Leid.
858 2490 959 2526 sec.
995 2478 1164 2528 Oxou.
1207 2495 1313 2529 sec.
1347 2482 1449 2530 dno
1493 2483 1672 2534 Ambr.
1707 2492 1815 2533 tres
1855 2483 2039 2536 Petav.
2074 2487 2203 2535 Exc.
2242 2486 2460 2534 Lucem.
2485 2499 2657 2534 secr-e

442 2537 535 2586 291
577 2537 758 2585 Thebas
785 2540 985 2590 Mazar.
1012 2543 1113 2593 ine.
1137 2545 1318 2596 Heius.
1361 2546 1551 2608 fratres
1573 2564 1667 2611 pro
1694 2549 1873 2600 Thebas
1891 2550 2008 2599 Pat.
2062 2550 2187 2599 labes
2204 2550 2304 2598 duo
2329 2549 2509 2599 Leidd.
2534 2564 2653 2599 cum

441 2599 625 2663 viginti
648 2610 867 2666 quatuor
903 2607 1032 2669 aliis,
1064 2610 1193 2659 Exc.
1233 2611 1383 2670 Laeti,
1407 2612 1623 2664 Gevart.
1647 2615 1864 2664 Lucens.
1882 2629 1985 2664 sec.
2005 2615 2194 2664 Sched.
2214 2614 2350 2664 Gud.
2374 2614 2455 2664 ed.
2480 2615 2657 2664 Parm.

440 2668 497 2713 et
520 2666 692 2716 Vicet.
713 2669 835 2719 Var.
860 2671 964 2722 LL.
1003 2673 1086 2722 ed.
1113 2674 1274 2725 AntV.
1331 2677 1485 2737 ffljae
1515 2679 1598 2728 vel
1634 2679 1814 2729 Thebas
1836 2680 2023 2728 Petav.
2044 2687 2165 2729 tert.
2221 2679 2406 2730 Thebas
2424 2680 2504 2727 vel
2526 2679 2653 2729 labes

437 2728 561 2778 Vat.
583 2746 662 2794 pr.
686 2732 827 2785 Med.
850 2751 950 2786 sec.
975 2738 1097 2789 Put.
1154 2740 1334 2791 Thebas
1376 2743 1459 2791 vel
1500 2745 1651 2792 toedas
1694 2746 1922 2793 Florent.
1978 2745 2153 2794 Thebes
2189 2746 2327 2808 conj.
2363 2744 2544 2820 Heius,
2597 2760 2653 2819 aq

432 2792 612 2853 fitnera
649 2797 772 2848 Vnt.
813 2807 934 2851 tert.
964 2803 1091 2854 Exc.
1115 2805 1266 2856 Laeti.
1319 2812 1370 2855 et
1378 2807 1563 2868 funera
1583 2810 1729 2861 Rott.
1750 2810 1945 2860 Μαῖαν.
1966 2810 2138 2860 Oxon.
2164 2814 2411 2873 pr.-—292
2452 2810 2650 2858 Erzctoez

1439 2938 1493 2987 N
1497 2937 1653 2988 OTAE

459 3094 467 3102 ,
509 3038 984 3110 Annum-..temporaJ
1027 3048 1255 3113 Flagitat
1290 3066 1499 3116 annum,
1580 3053 1670 3106 des
1691 3054 2073 3106 tumebant.Ab
2091 3055 2190 3105 alio
2206 3062 2415 3119 pastore
2429 3052 2649 3117 suscipi-

436 3112 490 3164 id
524 3122 624 3179 est,
653 3132 836 3168 munus
873 3123 1116 3186 comune,
1150 3126 1239 3189 qui
1262 3126 1498 3178 dominus
1579 3135 1684 3191 tur,
1708 3137 1763 3179 et
1787 3131 1992 3180 delatus
2025 3130 2092 3181 ad
2128 3130 2339 3195 Polybii
2359 3129 2651 3179 Corinthio·-

436 3197 519 3241 est
545 3195 733 3257 ‘anni3
774 3198 868 3247 sed
907 3200 1041 3249 hunc
1076 3202 1262 3264 polluit
1308 3204 1496 3255 Eutro·
1579 3221 1690 3256 rum
1711 3209 1868 3271 Regis
1890 3223 2126 3269 uxorem,
2146 3207 2327 3256 alitur:
2372 3205 2458 3254 hic
2497 3220 2648 3269 gran-

431 3267 566 3330 pius,
604 3270 857 3337 simulque
912 3281 1170 3340 tempora,
1235 3296 1352 3344 quae
1406 3282 1497 3331 de·
1576 3283 1692 3333 dior
1729 3283 1900 3334 faetus
1945 3292 2148 3349 patrem
2190 3282 2464 3348 perquirit,
2501 3290 2558 3331 et
2595 3283 2645 3332 in

432 3342 585 3394 decet
608 3346 674 3395 ab
698 3351 933 3399 eunucho
957 3352 1253 3415 gubernari.
1575 3361 1797 3424 quodam
1821 3360 2166 3410 phocensium
2192 3359 2415 3408 tumultu
2441 3365 2645 3421 patrem

494 3424 594 3470 287
628 3424 842 3489 Exacta]
893 3428 1163 3479 Hactenus
1190 3439 1329 3494 acta,
1362 3448 1494 3498 prae·
1573 3436 1757 3485 Laium
1801 3436 2121 3502 incognitum
2161 3434 2385 3484 occidit:
2430 3449 2551 3483 mox
2578 3435 2649 3483 in·

429 3498 589 3560 terite
611 3508 861 3551 vetustas.
1576 3512 1802 3563 terfecta
1841 3514 2068 3576 Sphinge
2099 3513 2301 3562 Thebas
2334 3512 2527 3574 intrat,
2545 3526 2649 3562 ma·

445 3609 451 3615 .
491 3576 591 3624 288
627 3576 946 3643 Commi-serit]
999 3582 1162 3632 Velut
1182 3584 1376 3634 crimen
1402 3586 1493 3636 ali·
1575 3596 1811 3655 tremque
1853 3590 2117 3648 Jocastam
2161 3589 2383 3639 insciens
2428 3603 2648 3640 uxorem

427 3653 599 3716 quod:
636 3664 917 3705 monstrum
938 3658 1092 3721 enim,
1121 3667 1321 3710 naturae
1347 3665 1491 3713 Deo·
1573 3667 1737 3716 ducit.

426 3742 645 3796 rumque
670 3732 865 3782 crimen
902 3741 958 3783 et
996 3735 1243 3801 dedecus,
1262 3740 1492 3803 appella·
1643 3744 1892 3809 Thyestes]
1949 3746 2134 3794 Frater
2185 3742 2337 3793 Atrei
2391 3744 2648 3807 Mycena-

428 3802 576 3858 bant.
734 3833 736 3836 ·
1573 3834 1683 3869 rum
1708 3821 1869 3883 Regis
1891 3821 1942 3869 iu
1967 3821 2355 3884 Peloponneso.
2590 3879 2597 3884 ,

487 3883 587 3930 289
625 3883 906 3947 OEdipodes]
954 3886 1109 3936 Laius
1144 3889 1257 3950 Rex
1291 3890 1490 3940 Theba·
1635 3900 1731 3945 291
1772 3896 1999 3960 Pelopea]
2037 3896 2169 3945 Filia
2189 3895 2431 3958 Thyestis
2455 3910 2526 3945 ex
2551 3912 2645 3947 suo

422 3970 539 4020 rum
561 3958 715 4008 discit
734 3974 800 4009 ex
824 3961 1053 4013 Oraculo
1070 3979 1125 4013 se
1146 3966 1488 4017 occidendum
1570 3981 1721 4038 patre
1746 3975 1952 4037 peperit
1973 3974 2070 4022 sibi
2089 3972 2303 4023 fratrem
2329 3972 2652 4036 AEgisthum.

421 4045 536 4096 que
554 4048 585 4083 a
600 4033 707 4084 filio
726 4053 740 4084 ι
764 4037 860 4086 boc
878 4045 935 4087 ut
950 4040 1097 4101 vitet,
1113 4039 1275 4092 filium
1289 4043 1487 4108 natum,
1638 4049 1838 4113 Thebas]
1883 4050 2167 4101 Thebarum
2187 4064 2335 4099 casus
2357 4057 2413 4099 et
2431 4051 2645 4100 calami·

420 4113 621 4177 pastori
645 4115 735 4163 dat
757 4116 1113 4169 occidendum.
1180 4121 1371 4171 Pastor
1395 4125 1489 4184 mi·
1569 4131 1723 4174 tateS.
2176 4157 2179 4158 ν
2604 4165 2625 4182 ,ι

421 4189 663 4252 sericors,
678 4191 956 4254 perforatis
978 4196 1214 4258 pedibus,
1238 4213 1355 4247 eum
1378 4215 1486 4249 sus·
1631 4205 1728 4251 292
1765 4202 2043 4265 Erechthei]
2091 4202 2449 4266 Atheniensis,
2482 4203 2551 4253 ab
2574 4204 2640 4252 E-

419 4267 607 4330 pendit
629 4283 696 4318 ex
719 4269 935 4319 arbore:
958 4272 1079 4321 hinc
1102 4288 1305 4338 nomen,
1328 4274 1489 4342 οἶδάω,
1565 4278 1814 4329 rechtheo
1833 4280 1961 4329 alias
1980 4279 2140 4343 Rege.

420 4346 572 4394 tumeo
589 4360 611 4405 ,·
625 4342 758 4412 τοὺς,
779 4346 936 4413 ποδὸς,
953 4364 1040 4413 pes
1052 4366 1075 4412 ,·
1096 4351 1223 4417 inde.
1236 4352 1372 4404 enim
1389 4370 1482 4432 pe·
1917 4352 1921 4356 ’
