2925 4928
505 401 621 451 ci..
668 400 1099 450 cLAUmANi
1151 400 1380 449 xv111.
1430 401 1512 449 IN
1567 402 1886 454 Rumor.
1935 399 2079 454 mu.
2130 404 2180 457 1.
2324 389 2459 455 459

247 549 570 626 Murmur,
601 556 665 614 et
694 549 970 615 attonito
1000 548 1299 631 pecudes
1329 555 1597 631 pastore
1627 550 1912 629 locutaS,
1968 581 1973 585 ·

243 652 330 717 Et
356 653 664 736 lapidum
694 654 877 716 diras
907 652 1208 735 hyemeS,
1239 652 1600 736 nimboque
1630 654 1958 719 minacem

244 756 627 837 Sanguineo
657 757 959 821 rubuisse
988 755 1035 819 J
1040 776 1256 833 ovem,
1289 762 1660 840 puteosque
1689 776 1918 823 cruore
2411 758 2457 821 5
2524 828 2547 847 ⁸

243 858 577 936 MutatOS‚
605 861 922 943 visasque
952 860 1119 943 polo
1153 879 1547 924 concurrere
1577 862 1827 942 LunaS,

243 959 329 1025 Et
358 964 661 1042 geminos
689 964 881 1027 Soles
913 963 1140 1028 mirari
1172 964 1431 1028 desinat
1453 966 1666 1030 orbis,

242 1061 490 1128 Omnia
518 1073 889 1144 cesserunt,
924 1066 1244 1131 Eunucho
1276 1066 1590 1148 Consule,
1621 1074 1934 1135 monstra.

242 1163 402 1229 Heu
434 1173 624 1232 terrae
659 1170 951 1252 coelique
980 1170 1239 1254 pudor!
1289 1173 1592 1237 trabeata
1622 1193 1743 1257 per
1771 1174 1974 1237 urbes

242 1266 634 1334 Ostentatur
664 1291 855 1351 anuS,
887 1273 1283 1358 titulumque
1313 1274 1681 1338 effoeminat
1709 1274 1886 1339 anni.
2365 1274 2454 1339 10

240 1470 450 1533 luporum
473 1472 692 1521 auditum
712 1478 852 1522 noctu
872 1474 923 1523 in
945 1474 1096 1523 medio
1110 1474 1320 1537 urbium,
1358 1480 1407 1523 et
1430 1474 1567 1525 boves
1600 1478 1794 1534 locutas,
1825 1479 2011 1538 pastore
2033 1472 2372 1537 obstupefacto,
2403 1479 2454 1524 et

241 1538 542 1598 tempestates
562 1553 731 1587 saxeos
747 1540 1050 1600 grandinum,
1083 1545 1131 1588 et
1152 1541 1309 1588 a'e'rem
1346 1541 1525 1589 iratum
1558 1540 1786 1599 infectum
1825 1539 1943 1588 nube
1961 1545 2175 1602 cruenta,
2192 1544 2257 1589 'et
2290 1545 2458 1602 puteos

242 1614 481 1650 conversos
505 1604 556 1651 in
580 1604 874 1665 sanguinem,
912 1610 959 1654 et
981 1605 1142 1654 Lanos
1177 1604 1447 1653 observatas
1480 1621 1694 1668 pugnare
1718 1605 1769 1653 in
1797 1606 1941 1662 Coelo,
1979 1611 2025 1653 et
2064 1604 2198 1654 Soles
2228 1606 2454 1668 duplices·

243 1664 479 1728 Prodigia
500 1669 659 1717 omnia
690 1671 818 1718 nulla
834 1674 963 1731 sunt,
997 1670 1224 1718 Eunucho
1245 1670 1459 1718 Consule.
1533 1670 1579 1717 Ο
1598 1672 1794 1719 dedecus
1831 1675 1974 1718 terroe
1996 1675 2044 1718 et
2080 1670 2184 1718 coeli
2199 1670 2223 1719 Ι
2285 1670 2454 1720 Vetula

240 1732 410 1781 vestita
433 1748 665 1799 purpura
685 1736 948 1785 consulari
969 1740 1258 1785 monstratur
1273 1749 1362 1798 per
1382 1736 1574 1799 oppida,
1593 1740 1640 1784 et
1663 1740 1850 1785 enervat
1874 1750 2040 1784 nomen
2061 1735 2191 1784 anni.
2251 1735 2300 1783 Ο
2328 1736 2454 1784 Pon·

1168 1874 1226 1894 Oe
1230 1874 1403 1894 MOO
1407 1875 1430 1893 Ι
1434 1874 1524 1893 ”O

242 1963 458 2015 flevart.
489 1968 615 2018 Var.
641 1968 747 2018 LL.
769 1983 800 2018 e
828 1983 992 2032 marg.
1014 1969 1190 2018 Parm.
1215 1976 1272 2019 et
1293 1968 1377 2020 ed.
1406 1966 1568 2017 Antv.
1615 1966 1668 2016 in
1689 1966 1856 2015 mediis
1877 1967 2034 2015 Farn.
2059 1964 2275 2013 Pan—4
2308 1965 2454 2015 duros

241 2036 457 2094 quatuor
479 2033 624 2082 Vatt.
652 2034 765 2082 Pal.
788 2034 944 2083 Farn.
970 2034 1109 2084 Prie.
1136 2036 1283 2084 Rott.
1309 2034 1477 2085 Oisel.
1525 2034 1658 2082 diras
1678 2033 1758 2080 vel
1782 2034 1926 2080 duros
1946 2030 2091 2080 Med.
2115 2045 2219 2079 sec.
2266 2030 2451 2079 minan-

241 2099 332 2144 tem
367 2096 512 2146 Pric.
533 2098 729 2148 Thuan.
777 2099 1027 2149 nticavuem
1051 2100 1297 2149 Farn.—5
1332 2113 1546 2149 cruorem
1567 2096 1714 2147 Med.
1752 2103 1922 2160 quart.
1960 2096 2060 2144 duo
2102 2095 2286 2146 Leidd.
2322 2096 2448 2144 Var.

244 2159 343 2210 LL.
366 2162 453 2211 ed.
477 2161 742 2213 Antv.-6
772 2166 980 2228 visasque
1001 2165 1133 2214 Exc.
1154 2166 1288 2214 Laeti
1321 2172 1376 2214 et
1400 2164 1621 2214 LucenS.
1646 2177 1750 2211 sec.
1801 2162 2023 2225 binasque
2044 2161 2168 2209 Vat.
2194 2175 2297 2210 sec.
2335 2161 2451 2211 Pal.

243 2226 391 2280 Farn.
435 2227 537 2277 duo
580 2229 765 2279 Medd.
810 2244 941 2279 unus
988 2230 1171 2280 Heius.
1216 2230 1412 2279 Thoan.
1472 2229 1605 2292 Reg.
1658 2228 1854 2277 Mazar.
1889 2227 2019 2275 'Var.
2062 2227 2166 2276 LL.
2210 2240 2241 2275 e
2266 2239 2448 2289 marg.

244 2291 415 2341 Parm.
455 2293 579 2343 Ald.
621 2302 678 2343 et
721 2295 805 2344 ed.
852 2296 1026 2345 Vicet.
1093 2296 1311 2358 visasque
1349 2295 1429 2344 vel
1476 2294 1697 2357 binasque
1742 2296 1867 2343 ιον.
1907 2291 2057 2342 ambo
2096 2291 2294 2340 Moret.
2319 2291 2450 2341 Exc.

241 2355 358 2409 Pat.
404 2363 609 2408 rec.—8
667 2360 894 2409 Eunucho
916 2361 1082 2421 judice
1137 2361 1356 2409 Pan—9
1418 2365 1565 2409 terroe
1618 2357 1807 2422 coelique
1863 2364 2084 2423 quatuor
2126 2357 2276 2405 Vatt.
2332 2356 2450 2405 Pal.

241 2421 391 2476 Fam.
431 2423 575 2476 Pric.
609 2425 754 2476 Rott.
791 2425 956 2476 Oisel.
992 2426 1116 2477 Put.
1172 2426 1275 2476 coelz‘
1315 2430 1544 2489 terraeque
1579 2425 1707 2489 Reg.
1748 2423 1869 2474 Pat.
1905 2423 2111 2473 Tholos.
2158 2421 2331 2471 Oxou.
2370 2436 2450 2487 pr.

241 2487 344 2545 dno
365 2489 549 2541 Ambr.
587 2491 731 2542 Med.
768 2498 893 2542 tert.
927 2492 1090 2542 Gesn.
1130 2499 1184 2541 et
1221 2491 1305 2541 ed.
1341 2493 1556 2555 Bipent.
1605 2506 1690 2553 per
1730 2489 1889 2538 urbem
1927 2488 2106 2539 Ambr.
2145 2502 2251 2537 sec.
2292 2495 2449 2552 atque

1228 2656 1449 2707 NOTAE

236 2765 621 2831 indignantibus
652 2769 841 2833 editos,
862 2771 928 2820 ad
953 2748 1303 2835 praenuntianss
1381 2771 1505 2820 inde
1534 2771 1727 2834 populo
1769 2770 1939 2829 timor,
1985 2767 2071 2834 qni
2114 2766 2228 2816 haec
2273 2763 2449 2814 omnia
2539 2804 2542 2808 .

238 2841 331 2893 das
353 2845 641 2896 bominibus
665 2848 913 2912 quasdam
932 2849 1268 2900 calamitates,
1382 2849 1599 2912 expiare
1627 2846 1869 2897 tentabat
1894 2852 1948 2894 et
1971 2855 2334 2893 averruncare.

299 2921 652 2988 Metuendaque
670 2925 837 2989 matrs]
864 2927 1130 2976 Lucanus:
1152 2927 1167 2954 ‘
1187 2927 1301 2976 Ma·

236 3003 475 3064 tremque
498 3016 616 3050 suus
638 3004 925 3053 conterruit
955 3003 1159 3068 infans,'
1178 3005 1314 3070 quia.

234 3085 565 3126 monstrosus.

253 3188 258 3191 Α
296 3155 330 3202 2
363 3154 626 3219 Luporum]
673 3158 847 3220 Lupus
889 3157 943 3207 in
988 3159 1119 3209 urbe
1162 3160 1299 3210 visus

235 3231 371 3280 inter
393 3233 627 3296 prodigia
648 3234 952 3285 habebatur.
1017 3237 1300 3301 Virgilius:

165 3349 170 3356 ,
233 3308 248 3335 ⁶
273 3307 384 3357 Per
416 3317 624 3360 noctem
647 3326 886 3362 resonare
924 3314 1077 3378 lupis·
1101 3316 1299 3365 ululan-

236 3383 378 3435 tibus
403 3387 617 3436 urbem.'
1093 3408 1100 3416 ·

296 3467 327 3513 3
364 3463 591 3530 Locutus]
635 3466 651 3493 ‘
673 3466 821 3516 Bello
844 3467 1046 3518 Punico
1068 3471 1299 3521 secundo
1337 3464 1354 3491 ²

234 3541 471 3590 constitit
484 3542 629 3591 Cneo
643 3542 871 3594 Domitio
891 3545 1072 3595 bovem
1087 3546 1300 3611 dixisse,

234 3618 375 3666 Cave
399 3616 515 3680 tibi,
557 3618 752 3670 Roma.'
806 3620 983 3670 Valer.
1020 3622 1299 3674 Maximus.

234 3693 401 3743 Immo
425 3701 483 3744 et
517 3693 571 3745 S.
595 3694 814 3760 August.
856 3690 1022 3749 tradit
1063 3710 1300 3751 armenta

233 3772 354 3837 olim
376 3788 490 3823 esse
523 3774 717 3825 locuta.
1025 3775 1030 3778 ’

292 3853 327 3899 4
360 3849 621 3913 Lapidum]
678 3852 855 3902 Imber
894 3854 1143 3918 lapidum,
1186 3857 1299 3921 plu-

233 3926 335 3988 via,
374 3925 654 3991 fontesque
692 3930 897 3979 cruenti
932 3928 1300 3982 referebantur

235 3999 371 4050 inter
393 4001 654 4066 prodigia,
690 4004 827 4054 sicut
851 4012 905 4056 et
928 4007 1102 4070 plures
1139 4011 1299 4073 inme,

236 4078 527 4145 geminique
564 4081 726 4130 soles:
761 4082 1010 4146 ejusmodi
1048 4087 1299 4151 exemplis

236 4157 414 4221 plenus
471 4163 556 4207 est
605 4158 751 4208 Titus
792 4160 986 4212 Livius.
1065 4163 1297 4214 Quorum

237 4234 592 4299 prodigiorum
637 4249 841 4287 causam
891 4240 1180 4291 naturalem
1222 4241 1298 4291 in-

240 4310 496 4378 vestigant
549 4311 894 4379 Philosophi3
956 4321 1016 4367 at
1080 4331 1297 4382 magnus

1445 2931 1478 2974 8
1515 2925 1792 2988 Cesserunt]
1827 2922 2018 2973 Omnia
2037 2926 2271 2970 monstra
2296 2919 2453 2968 mino·

1380 3018 1437 3052 ra
1458 3010 1578 3052 sunt
1601 3001 1852 3051 Eunucho
1876 2999 2104 3048 consule.

1448 3077 1700 3140 Eunucho]
1718 3075 1996 3126 Eunuchus
2019 3072 2228 3135 dicitur,
2249 3064 2342 3120 ἆπδ
2362 3070 2452 3120 w&

1380 3153 1514 3218 ἔχειν
1534 3154 1688 3218 εὐνὴν,
1717 3154 1778 3204 ab
1801 3151 2009 3202 habendo
2031 3151 2340 3212 servandoqtoe
2359 3149 2448 3197 lec·

1380 3239 1448 3298 to,
1485 3234 1569 3283 cui
1594 3233 1668 3281 rei
1708 3228 2176 3294 impendebantur:
2219 3227 2297 3275 vel
2322 3225 2451 3275 dici-

1382 3320 1486 3371 tur,
1525 3309 1671 3375 quasi
1710 3304 1765 3356 εὖ
1783 3307 1892 3356 γοῦν
1914 3303 2056 3367 ἔχων,
2086 3304 2261 3354 habens
2281 3304 2448 3352 bonam

1381 3391 1598 3436 mentem.

1447 3467 1510 3515 10
1543 3462 1700 3525 Anus]
1752 3460 2035 3525 Eutropius
2081 3458 2348 3520 imberbis,
2388 3462 2446 3506 et

1379 3541 1569 3590 vetulae
1595 3540 1735 3604 rugis
1758 3539 1940 3588 obsitae
1965 3538 2162 3589 similis.

1445 3618 1750 3682 Effoeminat]
1786 3617 1954 3678 Facit,
1994 3623 2054 3665 nt
2083 3628 2246 3663 annus
2284 3610 2446 3662 nomi-

1378 3705 1535 3748 netur
1575 3699 1639 3747 ab
1678 3696 1995 3746 effoeminato
2033 3694 2319 3754 Eunuch03
2352 3692 2451 3741 sic-

1379 3791 1482 3841 que
1536 3775 1838 3836 effoeminat,
1895 3772 2180 3822 dedecorat
2233 3770 2445 3820 titulum

1379 3853 1498 3902 anni
1545 3853 1666 3902 solis
1709 3852 1834 3901 viris
1873 3848 2224 3899 tribuendum.
2306 3845 2449 3896 Anni

1378 3946 1409 3981 a
1450 3931 1761 3981 Consulibus
1802 3928 2217 3978 nominabantur.
2283 3924 2447 3976 Verbi

1381 4011 1568 4075 gratia,
1605 4009 1881 4058 dicebatur
1922 4007 2017 4056 hoc
2053 4019 2204 4064 anno,
2247 4003 2452 4053 ‘Theo-

1379 4089 1512 4139 doro
1549 4094 1605 4138 et
1648 4087 1901 4151 Eutropio
1938 4080 2283 4134 Consulibus!
2361 4081 2446 4130 Sic

1379 4165 1666 4229 Eutropius·
1708 4161 2055 4212 effoeminatus
2093 4158 2222 4210 facit
2258 4163 2319 4207 ut
2356 4172 2446 4206 an-

1377 4256 1474 4292 nus
1519 4239 1899 4308 quodammodo
1941 4236 2185 4288 videatur
2234 4231 2449 4286 effoemi-

1376 4325 1548 4370 natus.
