2925 4928
910 382 993 438 m
1044 387 1399 438 nuruum
1447 368 1608 440 mu:
1643 389 1728 440 ιι.

236 530 582 611 venditor,
611 529 855 598 Arctoi
868 532 1257 599 stimulator
1281 534 1536 619 perfide
1567 534 1836 615 Martis,

235 634 444 721 cajus
472 637 564 700 ob
597 635 1258 718 innumeras-suages
1288 642 1608 718 angustus
1640 636 1895 703 Averni
1989 708 1992 711 ,

232 736 384 803 J'am
410 739 632 818 sinuS,
662 743 730 803 et
756 739 955 822 plena
982 739 1266 803 lassatur
1294 741 1573 823 portitor
1603 741 1776 805 aln0.

234 838 414 919 Quid
447 830 1100 907 demeus'manifesta
1127 861 1335 925 negas
1353 845 1383 907 ‘t
1428 863 1512 905 en
1541 849 1782 926 pectus
1812 843 2053 908 inustae

234 943 630 1011 Deformant
653 945 962 1023 maculae,
994 946 1310 1030 vitiisque
1337 947 1619 1010 inolevit
1645 947 1891 1026 imago,

232 1045 375 1110 Nec
405 1054 558 1112 sese
586 1036 950 1112 commissa
978 1048 1237 1129 tegunt.
1317 1047 1550 1113 Genus
1580 1067 1776 1112 omne
1807 1047 2107 1113 dolorum

235 1146 314 1212 In
340 1153 409 1213 te
437 1147 610 1213 ferre
642 1148 838 1219 libet:
884 1148 1088 1213 dubio
1122 1148 1244 1213 tibi
1276 1148 1566 1233 pendula
1594 1170 1791 1234 rupes

2306 945 2444 1012 50⁵

234 1373 280 1411 es
296 1357 479 1419 mnia,
491 1356 697 1422 pecunia
714 1358 970 1423 proposito,
991 1364 1041 1408 et
1055 1360 1177 1423 quod
1193 1358 1451 1409 maximum
1470 1364 1587 1423 puto
1606 1357 1805 1421 crimen,
1836 1357 1954 1407 veni
1977 1357 2067 1407 huc
2087 1359 2310 1409 scelerate
2328 1374 2441 1409 oen-

233 1423 597 1487 ditorjustitioe,
617 1429 868 1487 auctorque
883 1424 1135 1489 perfidiose
1155 1423 1264 1473 belli
1286 1423 1776 1487 Septemtrionalis,ob
1798 1423 1929 1484 cnjus
1950 1426 2097 1473 caedes
2117 1424 2441 1488 infinitusjam

234 1489 327 1547 ‚adit
335 1503 389 1536 us
423 1488 695 1550 Inserorum
726 1494 883 1539 arctus
910 1495 1000 1551 est,
1028 1494 1076 1538 et
1109 1494 1268 1538 vector
1288 1488 1543 1550 fatigatur
1576 1504 1692 1538 nate
1727 1490 1921 1551 repleta.
1993 1489 2151 1544 Quare
2191 1489 2443 1555 inficiaris,

234 1553 481 1616 insipiens,
515 1568 634 1618 quae
659 1568 771 1602 vera
795 1554 949 1603 sunt?
1001 1554 1124 1603 Ecce
1142 1558 1268 1603 notae
1290 1552 1531 1618 impressoe
1562 1555 1817 1616 deturpant
1837 1557 2001 1615 pectus
2025 1560 2188 1615 tuum,
2211 1559 2258 1603 et
2282 1555 2439 1615 imago

235 1617 467 1681 quaedam
489 1619 659 1667 binata
682 1623 751 1667 est
773 1617 1024 1667 sceleribus
1048 1618 1169 1680 tuis,
1201 1634 1347 1682 neque
1367 1623 1561 1681 peccatu
1583 1633 1633 1666 se
1655 1619 1888 1680 operiunt.
1953 1618 2103 1666 Juvat
2125 1620 2368 1668 decer-uere
2387 1620 2441 1667 in

233 1687 276 1730 te
292 1697 447 1746 genus
467 1698 601 1732 omne
621 1683 955 1747 suppliciorum
969 1700 985 1733 .-
1015 1698 1185 1733 saxum
1196 1684 1376 1748 pensile
1392 1684 1657 1747 impendeat
1674 1682 1763 1741 tibi
1777 1698 1888 1732 casu
1903 1683 2100 1746 ancipiti
2117 1699 2132 1731 .·
2164 1688 2269 1732 rota
2283 1684 2443 1733 celeris

1152 1814 1508 1834 OOOOOOOOOO

232 1890 350 1945 nihil
359 1896 490 1947 Exc.
503 1896 659 1947 Laeti.
670 1895 920 1958 legisvat.
933 1896 1096 1961 quint.
1111 1895 1231 1959 legis
1242 1896 1324 1944 vel
1338 1896 1493 1957 legum
1503 1896 1689 1945 Petatr.
1700 1911 1778 1959 pr.
1792 1894 2095 1946 Leid.—501
2125 1901 2178 1944 et
2195 1896 2306 1944 saeri
2317 1895 2440 1945 Vat.

156 1994 161 1998 -
231 1968 350 2010 tert.
370 1963 515 2011 Rott.
528 1962 689 2011 Oisel.
702 1963 933 2012 Florent.
952 1962 1096 2014 Med.
1109 1976 1212 2011 sec.
1228 1961 1346 2011 Par.
1364 1962 1493 2011 Exc..
1509 1961 1638 2013 Cod.
1653 1961 1834 2010 Rhem.
1850 1966 1895 2009 et
1912 1961 2025 2009 soeri
2037 1962 2117 2009 vel
2131 1960 2301 2010 Arctoi
2317 1961 2438 2011 Put.

222 2024 484 2084 famulator
503 2026 649 2076 Med.
669 2034 840 2091 quart.
857 2026 1102 2075 simulator
1121 2025 1225 2075 duo
1247 2026 1371 2075 Vat.
1393 2024 1514 2075 Pat.
1537 2026 1730 2075 Moret.
1755 2040 1858 2075 sec.
1879 2025 2148 2074 stimulator
2165 2025 2242 2072 vel
2264 2025 2442 2073 dilator

233 2090 389 2141 Oisel.
410 2093 682 2140 stimulator
705 2092 785 2140 vel
807 2091 1055 2145 simulator
1074 2090 1196 2142 vat.
1220 2096 1342 2140 tert.
1364 2089 1471 2139 belli
1490 2105 1581 2154 pro
1602 2090 1784 2139 Martis
1802 2091 1924 2140 Vat.
1948 2093 2213 2139 see—503
2249 2090 2441 2138 laxatur

231 2155 430 2207 Ἦιοῐοε.
448 2159 555 2206 ulvo
577 2172 670 2221 pro
693 2158 798 2205 alno
819 2158 940 2206 Vat.
964 2171 1041 2221 pr.
1058 2171 1125 2206 m.
1143 2171 1219 2219 pr.
1236 2155 1351 2205 Pal.
1371 2155 1517 2205 Med.
1539 2159 1871 2220 quarn—504
1907 2156 2121 2218 deinceps
2143 2169 2235 2217 pro
2256 2156 2443 2203 demens

231 2221 345 2270 Vat.
371 2237 448 2286 pr.
469 2237 501 2270 a
516 2237 583 2270 m.
609 2236 686 2286 pr.
707 2224 890 2271 demum
909 2220 1225 2285 conjiciebat
1249 2219 1515 2269 Heinsius.
1539 2236 1601 2268 an
1624 2221 1752 2269 Exc.
1763 2218 1919 2269 Wolf.
1940 2225 2101 2283 pectus
2121 2222 2290 2268 inustae
2313 2220 2441 2270 Exc.

229 2285 450 2350 schotti,
486 2287 539 2335 iu
581 2287 769 2351 quibus
810 2286 1101 2336 Gronovius
1137 2284 1452 2348 ascripserat
1490 2287 1654 2333 locum
1693 2285 1862 2335 Cicer.
1905 2299 1998 2348 pro
2037 2285 2164 2348 Syll.
2205 2297 2318 2346 cap.
2361 2288 2443 2334 27.

232 2349 477 2400 Heinsius
517 2366 644 2401 vero
685 2351 1002 2413 ascripserat
1026 2350 1242 2400 Lucian.
1274 2365 1327 2413 p.
1352 2353 1469 2400 232.
1491 2354 1604 2399 233.
1623 2354 1735 2398 234.
1760 2357 1814 2398 et
1839 2350 2048 2399 Platon.
2085 2350 2137 2397 in
2164 2348 2443 2412 Gorgia.—

232 2413 319 2464 ‘505
350 2415 664 2478 Conformant
681 2416 785 2466 duo
801 2418 922 2466 Vat.
939 2416 1118 2467 Ambr.
1140 2420 1261 2464 tert.
1286 2414 1431 2466 Leid.
1454 2414 1589 2463 vitiis
1607 2414 1802 2462 inolevit
1822 2416 1968 2463 Farn.
1991 2413 2166 2462 Ambr.
2186 2428 2263 2478 pr.
2282 2413 2444 2462 Hein-

230 2478 335 2531 'sius
356 2483 493 2547 legit
514 2482 713 2545 vitiique
736 2483 773 2532 i.
794 2483 969 2544 imago.
1007 2497 1080 2531 sc.
1114 2480 1330 2545 tergori,
1367 2481 1453 2545 qui
1494 2480 1607 2529 haec
1631 2487 1795 2529 notat.
1840 2481 1914 2529 sic
1945 2481 2195 2528 inolescere
2217 2479 2345 2528 vitia
2368 2478 2442 2527 di·

232 2554 417 2596 cuntur
437 2548 723 2612 capitolin.
746 2548 796 2595 in
821 2547 1107 2597 Maximino
1130 2561 1180 2607 ρ.
1205 2549 1316 2596 140.
1338 2561 1395 2594 ne
1416 2545 1537 2594 vitia
1559 2544 1819 2593 eorumsub
1841 2545 1951 2593 aliis
1971 2543 2268 2593 inolescentia
2289 2557 2443 2592 emen·

232 2613 341 2661 dare
362 2628 455 2661 non
473 2627 650 2675 posses.
672 2613 770 2661 hoc
793 2620 895 2674 est,
933 2626 1049 2675 quae
1073 2610 1167 2659 sub
1191 2611 1303 2659 aliis
1327 2610 1672 2659 inoleverunt.
1705 2610 1895 2657 inhoesit
1920 2623 2013 2672 pro
2037 2609 2226 2657 inolevit
2249 2609 2444 2658 Matar.

233 2681 391 2726 -606
426 2678 542 2726 Non
563 2678 770 2726 Tholos.
807 2682 977 2738 tegunt
1001 2677 1082 2724 vel
1104 2679 1279 2737 negant
1317 2676 1473 2725 Farn.
1512 2676 1739 2723 mulorum
1762 2673 1902 2722 Med.
1940 2681 2059 2723 tert.
2100 2689 2164 2722 m.
2190 2676 2274 2734 pri
2292 2671 2440 2722 Leid.

233 2743 438 2792 dolorum
462 2744 547 2793 vel
571 2744 798 2792 malorum
820 2742 985 2792 Oisel.
1010 2742 1194 2791 Petav.
1218 2744 1459 2804 pr.-—507
1492 2739 1760 2800 scirejneat
1784 2737 2030 2802 proferre
2050 2738 2164 2788 libet
2183 2738 2297 2788 Pal.
2320 2738 2466 2788 Van*

1234 2857 1291 2907 ‘N
1297 2853 1455 2907 01·AE

291 2963 385 3008 501
421 2957 622 3021 Arctoi]
673 2955 889 3022 Ἄρκτος,
918 2957 1063 3019 Ursa,
1100 2956 1299 3020 signum

234 3037 442 3086 coeleste
478 3036 533 3086 in
566 3035 983 3101 Septemtrioue:
1018 3033 1157 3084 unde
1176 3031 1303 3083 Arc-

237 3118 347 3182 tous
368 3112 848 3177 Septemtrionalis.

278 3190 567 3240 stimulator
582 3189 788 3252 Martis]
811 3188 1014 3238 Auctor
1030 3187 1155 3236 belli
1173 3188 1303 3251 Sep-

236 3266 600 3328 temtrionalist,
624 3265 762 3331 quod
802 3264 1014 3313 Rufinus
1049 3268 1306 3326 suaserat,

238 3343 473 3392 excitatis
523 3342 677 3392 Getis
721 3348 777 3392 et
830 3340 944 3390 aliis
989 3340 1198 3404 populis
1235 3338 1302 3389 ad

236 3411 669 3482 septemtrionem
696 3416 1043 3480 vergentibus.

295 3501 390 3546 502
422 3494 635 3561 Averni]
669 3495 774 3545 Hic
794 3487 939 3544 lacus
959 3493 1106 3543 estin
1126 3493 1302 3559 Italia,

239 3572 339 3622 tam
362 3570 608 3637 pestifer,
647 3578 707 3620 ut
727 3586 846 3620 aves
870 3570 1300 3635 praetervolantes

239 3654 368 3699 tetro
385 3650 552 3699 halitu
577 3649 874 3713 extinguat.
914 3647 1067 3698 Unde
1089 3647 1303 3710 ponitur

238 3737 327 3796 pro
363 3726 664 3776 Inferorum
709 3726 870 3775 aditu.
936 3723 1090 3794 Unde
1115 3722 1303 3773 'Graeci

239 3813 440 3867 vocant,
484 3804 682 3868 ἄορνονε
739 3821 771 3852 α
806 3803 927 3866 sine,
965 3809 1020 3852 et
1042 3799 1166 3866 ὄρνις
1187 3800 1306 3864 uvis,

242 3882 371 3946 quod
392 3887 576 3931 careat
601 3880 802 3930 avibus.

302 3962 393 4007 603
427 3957 675 4020 Portitor]
725 3956 950 4019 Charon,
1001 3952 1089 4019 qui
1142 3958 1305 4003 traus-

243 4035 401 4085 mittit
418 4036 629 4085 umbras
652 4034 719 4084 ad
743 4033 966 4083 Inferos.

304 4117 398 4162 504
431 4111 637 4174 Inustoe]
688 4110 984 4160 Secundum
1028 4108 1307 4158 Platonem

249 4196 301 4239 et
320 4192 442 4239 alios
471 4196 737 4248 auctores,
765 4187 989 4251 perjuris
1013 4184 1308 4248 ceterisque

248 4264 522 4315 hominibus
544 4263 815 4334 maleficis,
845 4265 1182 4314 innascuntur
1201 4275 1309 4310 ma-

369 4347 552 4413 Delph.
573 4350 623 4396 et
652 4345 769 4398 Var.
791 4346 924 4397 ctas.

1381 2955 1512 3005 culae
1537 2970 1630 3004 seu
1653 2955 1913 3020 stigmata,
1942 2969 2058 3020 quae
2081 2958 2204 3017 post
2225 2956 2445 3002 mortem

1381 3034 1542 3081 etiam
1563 3032 1816 3080 inhaerent
1839 3031 2046 3080 Umbris
2071 3027 2445 3079 defunctorum.

1383 3108 1487 3158 Hae
1542 3108 1757 3156 maculae
1811 3122 1842 3155 a
1894 3107 2126 3155 Luc-iano
2174 3110 2446 3167 vocantur,

1383 3184 1628 3247 στίγματα
1647 3186 1735 3243 τῆς
1751 3186 1923 3247 ψυχῆς.
1976 3184 2214 3232 Tacitus:
2251 3183 2265 3209 ‘
2291 3181 2346 3230 Si
2367 3188 2447 3244 ty·

1384 3277 1661 3311 rannorum
1698 3269 1899 3310 mentes
1937 3258 2287 3326 recludantur,
2329 3271 2448 3320 pos-

1384 3339 1487 3394 sint
1522 3338 1680 3402 aspici
1716 3337 1936 3386 laniatus
1960 3342 2015 3385 et
2054 3336 2204 3397 ictus,
2240 3332 2447 3396 quando

1384 3421 1445 3463 ut
1488 3429 1711 3478 corpora
1749 3411 2067 3472 verberibus,
2109 3410 2185 3458 ita
2229 3407 2450 3469 saevitia,

1381 3481 1619 3552 libidine,
1651 3492 1798 3540 malis
1823 3489 2072 3540 consultis
2101 3487 2295 3537 animus
2318 3484 2448 3533 dila-

1380 3568 1625 3619 ceratur.’

1449 3652 1543 3694 505
1587 3644 1817 3708 Vitii-sque
1840 3640 2053 3704 inolevit]
2098 3641 2281 3704 Imago
2306 3651 2448 3702 quae·

1385 3721 1504 3771 'dam
1548 3723 1723 3770 innata
1748 3728 1827 3768 est
1866 3726 2023 3782 atque
2060 3721 2308 3765 concreta
2330 3727 2450 3762 cum

1386 3798 1523 3846 vitiis
1547 3797 1667 3855 tuis,
1708 3796 1839 3846 adeo
1868 3804 1924 3844 ut
1948 3794 2107 3843 etiam
2131 3799 2222 3842 tua
2251 3789 2452 3839 Umbra

1388 3873 1583 3923 referat
1617 3875 1748 3923 lianc
1768 3873 2008 3922 vitiorum
2032 3878 2236 3920 tuorum
2270 3865 2451 3930 imagi·

1385 3964 1523 3999 nem.

1390 4028 1398 4034 ’
1453 4032 1552 4077 506
1587 4025 1794 4089 Tegunt]
1829 4026 1945 4074 Nec
1988 4030 2078 4073 tua
2123 4026 2341 4086 peccata
2381 4018 2453 4067 la·
2496 4064 2500 4067 ,

1388 4104 1505 4155 ‘tent
1526 4121 1540 4164 ;
1575 4102 1848 4153 manifesta
1870 4107 2009 4162 sunt,
2028 4103 2303 4163 apparent.

1390 4191 1399 4248 ᾗ
1454 4185 1550 4229 507
1585 4178 1768 4244 Rupes]
1805 4179 1893 4227 'Tu
1936 4189 2116 4225 saxum
2156 4172 2348 4233 volvas,
2390 4171 2454 4219 ut

1376 4251 1655 4324 'Sisyphum

1280 4340 1455 4389 Claud·
2263 4327 2317 4378 N
