2925 4928
1185 399 1299 447 ch.
1342 394 1772 448 mammis-m
1824 397 1941 445 ln.

442 542 798 609 Servandis
825 542 936 608 hic
965 546 1191 609 castra
1218 543 1460 607 bonis:
1506 542 1641 607 buc
1669 560 1889 625 usque
1921 540 2214 609 minatus

441 644 790 723 Haerebat,
816 652 1119 728 retroque
1144 645 1305 728 fuga
1336 645 1620 710 cedebat
1641 645 1879 709 inerti:

443 745 654 811 Haud
687 767 907 825 secuS,
932 748 1230 832 hyberno
1257 748 1555 813 tumidus
1584 767 1736 813 cum
1769 749 2021 811 vortice
2049 752 2308 810 torrens
2363 760 2368 767 '

442 848 632 913 Saxa
657 856 862 927 rotat,
889 850 1237 932 volvitque
1268 870 1527 925 nemuS‚
1558 858 1939 932 pontesque
1970 849 2255 914 revellit.

443 949 804 1033 Frangitur
833 954 1110 1036 objectu
1140 953 1437 1037 scopuli,
1469 971 1909 1035 quaerensque
1937 956 2227 1014 meatum

2515 839 2660 913 270

442 1053 748 1138 Spumat,
780 1063 844 1118 et
872 1056 1054 1119 illisa
1084 1063 1377 1119 montem
1405 1056 1851 1119 circumtonat
1877 1054 2088 1119 unda.

381 1248 397 1258 ,
441 1154 600 1234 Qua
628 1158 902 1240 dignum
932 1166 995 1222 te
1027 1159 1227 1223 laude
1257 1159 1495 1237 feram,
1524 1159 1641 1242 qui
1672 1178 1870 1242 paene
1912 1159 2128 1222 ruenti

442 1259 889 1344 Lapsuroque
917 1267 1074 1326 tuos
1105 1263 1422 1326 humeros
1452 1263 1790 1347 objeceris
1824 1263 2011 1326 orbi?

436 1363 539 1427 Te
572 1365 789 1440 nobiS,
821 1365 1097 1448 trepidae
1129 1384 1252 1428 ceu
1283 1365 1475 1429 sidus
1511 1364 1709 1429 dulce
1739 1365 2012 1441 carinae,

2514 1364 2654 1429 275

437 1463 817 1569 ⁴Ostendere
843 1468 998 1545 Dei,
1025 1468 1308 1551 geminis
1338 1488 1496 1551 quae
1520 1470 1706 1533 lassa
1733 1468 2058 1552 procellis

442 1678 541 1714 ceu
580 1667 752 1714 volitem
790 1667 949 1728 probis
984 1669 1244 1718 tutandis.v
1284 1669 1499 1719 Rufinus
1534 1672 1777 1719 intentans
1800 1669 1952 1719 minas
1980 1669 2068 1717 huc
2090 1679 2232 1731 usque
2253 1665 2568 1724 coercebatur,
2604 1671 2653 1714 et

434 1730 702 1791 refugiebat
721 1737 980 1781 retrorsum
1002 1733 1182 1797 effugio
1202 1736 1392 1796 ignavo.
1464 1738 1570 1784 Non
1592 1737 1735 1784 aliter
1755 1742 1955 1796 torrens,
1973 1736 2082 1782 dum
2116 1740 2312 1794 turgens
2339 1732 2502 1795 pluvia
2540 1732 2653 1797 hyef

438 1797 570 1856 mali,
590 1797 735 1845 volvit
757 1799 953 1861 lapides,
977 1804 1022 1847 et
1047 1801 1196 1847 trahit
1218 1801 1416 1864 sylvam,
1439 1806 1487 1849 et
1509 1803 1672 1850 avellit
1692 1806 1886 1864 pontes3
1917 1800 2152 1862 rumpitur
2177 1799 2389 1861 oppositu
2423 1797 2575 1859 rupis,
2601 1800 2651 1848 et

438 1861 680 1921 vestigans
694 1863 947 1910 transitum
961 1866 1209 1926 spumescit
1227 1882 1243 1920 ,·
1276 1871 1322 1913 et
1346 1867 1500 1926 mugit
1521 1866 1697 1915 circum
1722 1868 1877 1914 collem
1898 1880 2018 1928 aqua
2036 1863 2261 1923 refracta.
2319 1864 2426 1918 Quo
2445 1863 2651 1910 encomio

441 1928 665 1974 extollam
707 1932 755 1975 te
794 1934 1065 1988 merentem,
1100 1944 1130 1977 o
1172 1931 1408 1986 Stilicho,
1437 1933 1520 1993 qui
1558 1932 1825 1994 opposueris
1857 1936 1988 1978 taam
2022 1935 2305 1992 potestatem
2342 1930 2512 1975 mundo
2537 1927 2653 1986 fere

441 1992 646 2051 cadenti,
663 1997 710 2040 et
745 2007 904 2041 casuro
922 1990 947 2042 1?
1001 1993 1171 2056 Superi
1211 1995 1437 2044 miserunt
1482 2001 1531 2044 te
1573 1997 1723 2054 nobis,
1766 2000 1989 2058 tanquam
2031 2002 2208 2042 astrum
2244 1995 2503 2056 propitium
2539 1991 2655 2059 nat-i

438 2055 647 2119 timenti,
667 2072 770 2120 quae
779 2056 1002 2120 fatigata
1023 2059 1293 2108 verberatur
1309 2061 1664 2124 tempestatibus
1682 2062 1878 2122 duabus,
1895 2065 1942 2109 et
1964 2059 2073 2119 jam
2093 2059 2233 2108 dubia
2255 2059 2459 2122 rapitur,
2474 2056 2650 2120 guber-

1363 2216 1721 2235 OOOOOOOOOOOO

440 2346 526 2396 Ἴθι
546 2345 684 2408 *ἷὲπα
710 2346 882 2396 ΟΧΟΠ·
910 2363 991 2411 Pl·-
1015 2349 1204 2399 Petav·
1224 2354 1468 2413 pin—267
1503 2350 1844 2416 servandisque
1867 2351 2005 2400 Pric.
2029 2351 2241 2400 Parnes.
2283 2349 2380 2397 haee
2403 2346 2525 2396 Put.
2551 2346 2654 2396 Pe·

436 2414 547 2461 ἴαν.
570 2427 651 2476 pr.
677 2413 822 2478 Bott.
846 2413 1012 2462 Oisel.
1037 2417 1158 2467 Vat.
1183 2431 1291 2466 sec.
1316 2417 1419 2466 duo
1449 2418 1593 2467 Med.
1613 2424 1667 2468 et
1692 2432 1820 2468 unus
1848 2417 2032 2467 Heius.
2070 2417 2146 2464 hic
2168 2415 2399 2462 Florent.
2425 2419 2480 2461 et
2499 2411 2648 2460 Med.

430 2483 567 2528 vtert.
582 2479 786 2527 clau'stra
798 2479 915 2530 Pal.
933 2482 1072 2529 Med.
1086 2487 1328 2545 piu-268
1337 2483 1513 2543 sugam
1533 2484 1647 2532 Pal.
1665 2485 1881 2533 tendebat
1903 2485 2055 2532 Farn.
2074 2486 2310 2543 rectorque
2323 2476 2464 2527 Med.
2477 2488 2649 2542 quart.

437 2546 603 2596 ——269
635 2546 810 2593 vortice
845 2546 976 2609 Reg.
1003 2547 1122 2597 Vat.
1147 2548 1312 2610 quint.
1339 2547 1521 2598 Ambr.
1546 2566 1622 2611 pr.
1648 2549 1747 2597 duo
1773 2549 1943 2598 Oxou.
1969 2548 2070 2596 duo
2092 2546 2236 2595 Leid.
2279 2547 2404 2596 Exc.
2427 2544 2649 2593 Gevart.

439 2608 616 2656 vortice
651 2609 732 2657 vel
765 2611 940 2660 vertice
977 2612 1179 2669 Tholos.
1220 2615 1401 2677 reliqui
1433 2629 1610 2663 omnes
1646 2614 2001 2664 vertice—270
2029 2618 2305 2675 pontemque
2337 2608 2519 2659 Ambr.
2540 2624 2649 2660 sec.

432 2674 680 2736 pontisque
715 2673 844 2725 Exc.
872 2678 1088 2727 Lucens.
1111 2694 1217 2728 sec.
1240 2681 1473 2741 vertitque
1494 2695 1671 2741 nemus,
1700 2686 1943 2743 postesque
1975 2692 2137 2741 marg.
2174 2677 2518 2737 Isingr.—27l
2553 2688 2653 2722 sca-

434 2740 566 2801 pulis
600 2753 692 2801 pro
726 2742 900 2803 scopuli
939 2743 1211 2793 Pal.-272
1245 2746 1357 2793 elisa
1390 2747 1512 2794 Vat.
1550 2753 1662 2807 opt.
1702 2747 1853 2793 illoesa
1887 2743 2030 2792 Leid.
2072 2757 2149 2804 pr.
2184 2742 2495 2789 circumtonat
2526 2738 2650 2787 Vati

440 2802 605 2852 Livin.
637 2806 802 2854 ceteri
825 2807 1150 2858 circumsonat.
1205 2810 1453 2859 Heinsius
1475 2810 1786 2874 conjiciebat
1809 2810 2132 2859 molem—273
2165 2806 2416 2867 indignum
2438 2818 2531 2869 pro
2557 2820 2651 2867 qua

439 2867 636 2929 dignum
668 2870 796 2918 Exc.
837 2870 1159 2923 wolfi—274
1192 2874 1442 2933 subjeceris
1478 2876 1784 2925 Pric.—275
1832 2873 2031 2936 trepidis
2070 2874 2215 2921 Rott.
2255 2885 2346 2935 pro
2382 2884 2487 2917 var.
2524 2870 2653 2920 lect.

437 2932 572 2980 sidus
593 2948 676 2981 ceu
697 2935 815 2984 Vat.
855 2936 1024 2985 Livin.
1050 2946 1105 2987 et
1130 2941 1259 2987 Exc.
1285 2941 1668 2990 Lucens.—276
1700 2942 1821 2989 lassa
1853 2941 1972 2987 Vat.
2002 2952 2082 3002 pr.
2109 2935 2250 2985 Med.
2274 2942 2439 2999 quart.
2462 2933 2651 2986 Ambr.

428 3004 566 3054 tert.
591 2999 738 3049 Leid.
758 3014 862 3050 sec.
885 3016 915 3049 a
939 3017 1006 3051 m.
1026 3017 1128 3053 sec.
1156 3005 1285 3054 Exc.
1309 3005 1438 3056 Cod.
1464 3006 1647 3056 Rhem.
1681 3006 1811 3068 lapsa
1846 3010 1951 3053 tres
1989 3004 2112 3053 Vat.
2147 3002 2263 3052 Pal.
2306 3002 2460 3050 Farn.
2500 3000 2647 3050 Rott.

1435 3191 1485 3240 N
1496 3190 1651 3241 OTAE

504 3321 600 3366 267
670 3318 783 3367 Huc
819 3333 964 3382 usque
1013 3319 1220 3369 minatus
1269 3318 1503 3385 haerebat]

439 3391 612 3441 Rufini
643 3393 796 3443 minae
832 3403 888 3445 et
913 3402 1080 3445 terror
1099 3397 1207 3446 late
1245 3396 1500 3460 pervade-

438 3468 581 3530 bant,
605 3471 697 3519 sed
722 3485 839 3519 cum
863 3470 927 3519 ad
958 3472 1293 3521 Stilichonem
1319 3487 1500 3536 perve-

437 3553 645 3608 nerunt,
692 3547 982 3610 haerebant,
1007 3550 1150 3599 velut
1176 3554 1362 3599 contra
1383 3564 1501 3614 pro-

437 3626 783 3685 pugnaculum
806 3626 1157 3676 ineluctabile.

502 3704 601 3749 269
641 3701 850 3763 Vortice]
884 3704 1084 3751 Vortex
1115 3710 1197 3751 est
1231 3704 1384 3752 turbo
1423 3718 1503 3753 ra-

433 3767 728 3839 pidissimus
752 3794 998 3841 aquarum
1022 3780 1480 3845 praecipitantium.

505 3852 729 3915 Tou-rens]
782 3855 876 3902 Est
911 3853 1094 3904 fluvius
1140 3859 1501 3920 temporarius,

437 3935 589 3978 natus
611 3945 677 3978 ex
700 3930 883 3979 subitis
905 3932 1167 3981 imbribus.

502 4012 600 4059 272
637 4009 981 4072 circumtonat]
1043 4012 1235 4074 Mngit,
1274 4016 1332 4059 ut
1370 4007 1501 4061 toni*-

437 4089 542 4134 tru.

499 4164 600 4210 274
621 4160 921 4225 Lapsuroque
937 4167 1040 4209 tuos
1054 4162 1292 4225 humeros]
1325 4164 1499 4227 Impe-

435 4238 567 4287 rium
604 4239 857 4288 caducum
891 4245 1025 4300 erat,
1053 4246 1108 4288 et
1146 4248 1292 4288 certe
1328 4241 1498 4305 lapsu-

437 4329 567 4381 rum,
585 4315 684 4366 nisi
708 4322 822 4367 tuos
844 4315 1105 4382 humeros,
1125 4331 1220 4366 seu
1242 4323 1384 4368 tuam
1409 4332 1500 4383 po-

1582 3325 1828 3369 testatem
1850 3318 2191 3382 subjeeisses:
2230 3317 2416 3367 alludit
2448 3315 2513 3365 ad
2554 3314 2649 3368 At-

1580 3397 1790 3457 lantem,
1804 3396 1990 3444 coelum
2010 3402 2387 3444 sustentantem
2403 3394 2647 3453 humeris,

1581 3487 1709 3537 quos
1732 3472 1774 3521 si
1798 3472 2172 3534 substraheret,
2194 3472 2377 3521 coelum
2401 3484 2553 3538 ruere
2574 3468 2649 3518 di-

1581 3554 1805 3598 ceretur.
2541 3553 2544 3556 '
2570 3597 2573 3602 ,

1646 3631 1742 3677 275
1778 3625 2096 3688 Sidusdalce]
2133 3625 2439 3674 Castorith
2470 3621 2646 3688 Ponu-

1581 3701 1676 3763 cis,
1698 3701 1835 3767 quod
1859 3701 2223 3764 navigantibus
2241 3701 2523 3764 propitium
2546 3708 2645 3751 est.

1646 3786 1745 3831 276
1781 3781 2061 3844 Ostendere]
2095 3780 2278 3829 Subito
2300 3778 2535 3829 obtulere
2556 3779 2649 3828 Su·

1583 3858 1716 3921 peri,
1736 3858 1874 3922 quod
1913 3857 2024 3906 orbi
2059 3856 2404 3924 necessarium
2439 3849 2553 3905 esse
2577 3856 2649 3905 vi·

1582 3934 1812 3984 deretur.

1649 4012 1866 4060 Geminis
1886 4013 2010 4059 lassa
2025 4009 2265 4074 procellis]
2297 4007 2454 4059 Venti
2477 4017 2533 4060 et
2554 4027 2645 4062 un-

1583 4089 1766 4138 darum
1801 4087 2167 4151 agitationibus
2212 4084 2434 4149 fatigata
2468 4088 2642 4137 navis:

1582 4165 1670 4214 alii
1705 4164 1906 4228 legunt,
1941 4164 2093 4228 lapsa,
2130 4162 2184 4212 id
2215 4170 2316 4225 est,
2347 4162 2550 4227 labans,
2593 4164 2645 4213 in

1579 4241 1794 4291 exitium
1819 4252 1989 4289 ruens.
2172 4233 2174 4235 ’
