2925 4928
903 393 1000 451 na
1051 404 1319 452 MALLu
1367 396 1646 452 Timon.
1694 404 1905 453 cons.
2339 387 2476 452 457

272 546 528 613 Consul
556 566 675 633 per
701 548 1008 633 populoS,
1036 548 1347 631 idemque
1377 547 1804 631 gravissimus
1834 550 2062 612 auctor

183 685 184 688 ¹
267 647 562 734 Eloquii‚
595 650 849 735 duplici
877 650 1019 714 vita
1045 651 1374 715 subnixus
1399 651 1468 713 in
1496 670 1717 715 aevum

267 752 633 831 Procedat,
671 754 861 818 libris
891 755 1138 837 pariter
1166 754 1489 837 fastisque
1518 753 1863 835 legendus,

262 851 592 937 Accipiat
618 857 827 939 patris
854 855 1261 940 exemplum,
1290 857 1667 940 tribuatque
1696 849 1935 940 nepoti

268 955 516 1036 Filius,
549 966 614 1022 et
645 960 889 1044 coeptis
916 980 1001 1023 ne
1032 960 1206 1024 desit
1231 960 1535 1025 fascibus
1564 959 1805 1025 haeres,
1834 945 1835 948 ¹

265 1058 606 1125 Decurrat
634 1063 931 1125 trabeata
959 1061 1222 1138 domuS,
1252 1062 1601 1146 tradatque
1630 1082 1895 1126 secures

269 1160 519 1226 Mutua
546 1165 930 1247 posteritas»,
962 1168 1356 1247 servatoque
1385 1163 1616 1227 ordine
1644 1163 1763 1228 fati

268 1262 511 1328 Mallia
539 1264 850 1330 continuo
876 1272 1246 1331 numeretur
1276 1264 1565 1330 Consule
1594 1266 1836 1350 proles,
1929 1252 1933 1260 ’
2340 1264 2472 1329 340

945 1403 974 1413 .ae

272 1452 455 1504 Orator
472 1455 843 1518 spectatissimus
863 1456 1124 1519 eloquentia
1145 1470 1257 1518 sua,
1281 1463 1335 1505 et
1344 1456 1507 1517 fretus
1515 1455 1655 1515 fama
1672 1453 1883 1517 gemina,
1905 1461 1981 1505 eat
2001 1470 2086 1519 per
2103 1456 2295 1518 populos
2317 1457 2473 1517 legen-

269 1520 356 1567 dus
372 1520 626 1582 equaliter
648 1522 701 1570 in
723 1521 885 1571 Libris
905 1522 1011 1571 suis
1034 1527 1081 1570 et
1102 1522 1156 1569 in
1180 1522 1361 1572 Fastis.
1429 1522 1587 1571 Filius
1618 1522 1731 1584 ejus
1751 1526 1972 1583 sequatur
2005 1522 2271 1584 exemplum
2296 1521 2472 1584 putris,

270 1588 316 1631 et
334 1585 419 1632 det
440 1586 701 1649 nepotibus,
738 1592 783 1636 et
825 1587 973 1636 lioeres
1007 1602 1100 1636 non
1135 1586 1327 1652 deficiat
1366 1587 1641 1635 Consulatui
1674 1586 1872 1649 incepto.
1938 1587 2119 1634 Domus
2155 1586 2265 1649 ejus
2300 1587 2475 1635 vestita

272 1661 507 1712 purpura
540 1651 810 1701 Consulari
845 1654 1085 1715 procedat,
1120 1657 1168 1700 et
1203 1654 1380 1715 posteri
1412 1653 1527 1713 ejus
1557 1653 1667 1700 dent
1691 1651 1788 1699 sibi
1818 1651 2017 1699 invicem
2039 1666 2250 1709 securem
2283 1657 2330 1700 et
2350 1651 2473 1701 serie

270 1712 479 1765 fatorum
501 1722 793 1781 conservato,
811 1733 929 1779 gens
948 1717 1121 1767 Mallia
1141 1722 1385 1766 censeatur
1412 1716 1687 1765 Consulibus
1702 1716 1956 1780 perpetui&
2434 1719 2441 1724 ’

1200 1845 1258 1864 CO
1265 1845 1436 1865 ‘0000‘
1444 1845 1493 1865 00
1500 1846 1558 1864 00

272 1940 458 1990 Sched.
501 1941 639 1991 Gud.
671 1944 796 1994 Var.
820 1944 924 1993 LL.
962 1944 1047 1993 ed.
1090 1942 1251 1993 Antv.
1301 1943 1500 1992 inmissa
1527 1945 1607 1993 vel
1639 1945 1861 1994 immensa
1898 1944 2044 1994 Med.
2081 1951 2201 1995 tert.
2237 1945 2286 1994 in
2311 1945 2476 1995 altero

273 2006 402 2055 Cod.
441 2006 664 2071 Gyrald.
713 2017 829 2058 erat
861 2009 1080 2058 inmersa.
1130 2010 1283 2057 male.
1335 2008 1472 2058 uude
1505 2025 1682 2059 emersu
1722 2010 2033 2075 conjiciebat
2072 2010 2334 2061 Heinsius.
2398 2027 2476 2061 ca-

271 2071 396 2121 rinis
417 2072 649 2124 Florent.
680 2089 748 2122 m.
772 2089 851 2137 pr.
903 2075 1090 2123 canoris
1124 2074 1418 2123 Leve-323
1449 2089 1537 2137 per
1571 2077 1787 2139 proprios
1822 2077 1943 2125 Vat.
1971 2091 2051 2139 pr.
2091 2091 2158 2126 ιιι.
2181 2090 2263 2139 pr.
2313 2082 2480 2126 auctor

271 2137 394 2185 Vat.
417 2137 586 2187 Livin.
644 2143 773 2187 actor
795 2141 994 2189 Bouon.
1016 2139 1197 2187 Ambr.
1224 2154 1303 2203 pr.
1329 2138 1505 2188 Oxou.
1525 2156 1627 2191 sec.
1650 2141 1770 2189 Ald.
1795 2142 1920 2190 Exc.
1941 2141 2322 2191 Gemite-334
2354 2141 2480 2191 vitta

270 2201 417 2250 Med.
444 2218 549 2252 sec.
587 2204 788 2254 Thalos.
828 2204 932 2253 duo
955 2204 1137 2254 Ambr.
1173 2204 1303 2254 Cod.
1327 2204 1516 2253 Sixtin.
1542 2207 1670 2256 Exc.
1700 2206 1897 2255 Schott.
1936 2207 2159 2256 Lucens.
2182 2221 2263 2269 pr.
2294 2206 2480 2255 Sched.

273 2266 414 2316 Gud.
464 2268 611 2317 mitra
632 2269 753 2318 Vat-
780 2284 885 2320 sec.
918 2270 1031 2319 Pal.
1068 2272 1308 2336 Petam-
1322 2284 1399 2332 pr.
1435 2270 1629 2321 Moret.
1673 2288 1752 2336 pr.
1789 2272 1924 2320 unde
1961 2273 2130 2321 merito
2166 2270 2482 2336 conjiciebat

274 2332 462 2381 Heius.
516 2334 636 2383 vitio
658 2334 780 2384 Var.
806 2337 908 2384 LL.
942 2336 1026 2384 ed.
1054 2333 1213 2384 Antv.
1262 2342 1361 2383 mea
1384 2334 1508 2385 Jun.
1534 2351 1613 2398 pr.
1665 2338 1810 2386 mitra
1831 2338 1910 2385 vel
1933 2338 2057 2386 vitta
2078 2336 2225 2386 Med.
2254 2353 2331 2400 pr.
2379 2338 2483 2387 vita

273 2397 511 2457 velfama
531 2400 652 2451 Vat.
676 2402 838 2466 quint.
886 2400 1116 2450 subnisus
1139 2401 1310 2449 Oxou.
1347 2414 1455 2450 sec.
1508 2403 1689 2451 velatus
1709 2404 1831 2451 Vat.
1873 2417 1976 2452 sec.
2017 2404 2129 2451 Pal.
2168 2402 2361 2462 Moret.
2400 2416 2480 2468 pr.

271 2467 436 2513 -335
472 2462 609 2514 libris
624 2466 810 2529 pariter
830 2468 1029 2518 Mazar.
1071 2467 1261 2530 pariter
1295 2466 1430 2514 libris
1452 2481 1628 2516 omnes
1654 2469 1801 2516 Vatt.
1824 2468 1934 2518 Pal.
1956 2469 2111 2518 Farn.
2150 2468 2295 2518 Prie.
2327 2466 2483 2517 Rott.

277 2527 442 2579 Oisel.
481 2529 724 2598 factisqioe
748 2532 891 2581 Leid.
915 2547 995 2596 pr.
1034 2533 1165 2581 Lov.
1188 2533 1396 2581 Mazar.·
1427 2530 1591 2581 Oisel.
1615 2539 1670 2582 et
1694 2534 1768 2582 sic
1790 2533 2034 2582 Heinsius
2058 2535 2206 2595 legit.
2246 2532 2483 2596 fastisque

276 2594 358 2642 vel
367 2593 612 2659 factisque
633 2596 777 2647 Med.
796 2604 961 2662 quart.
1010 2597 1461 2659 legendis-Bonum
1493 2597 1784 2646 Pat.—-336
1821 2598 2046 2662 Excipiet
2084 2599 2206 2647 Vat.
2247 2598 2485 2647 Liviae-*⁴

276 2662 369 2708 337
394 2659 610 2719 fastibus
627 2662 749 2713 Vat.
771 2678 873 2713 sec.
896 2663 1034 2712 Prie.
1059 2663 1289 2710 Florent.
1328 2675 1396 2709 m.
1422 2675 1502 2724 pr.
1537 2677 1598 2711 ex
1619 2666 1781 2725 coeptis
1811 2664 1932 2712 Vat.
1968 2663 2138 2714 Livin.
2181 2664 2379 2726 inceptis
2398 2678 2484 2712 nec

278 2724 427 2774 Med.
450 2735 620 2791 quart.
656 2743 744 2777 non
765 2729 890 2777 desit
910 2728 1063 2776 Farn.
1086 2727 1446 2776 Mazara—338
1479 2741 1646 2776 monus
1664 2729 1786 2776 Vat.
1809 2737 1980 2792 quart.
2022 2730 2270 2792 tradetque
2291 2729 2484 2778 Petav-

278 2794 552 2839 θεὼ-339
579 2794 854 2855 proeteritas
888 2792 989 2842 inc.
1032 2792 1211 2840 Heius.
1250 2792 1401 2840 deest
1438 2791 1522 2841 hic
1543 2807 1722 2841 versus
1762 2794 1814 2841 in
1851 2794 1976 2844 Var.
2001 2794 2107 2843 LL.
2133 2794 2216 2843 ed.
2259 2794 2488 2842 Antv.-—·
2539 2799 2542 2804 '

280 2858 374 2903 340
412 2856 608 2906 Munlea
630 2858 813 2907 Petav.
838 2873 915 2920 pr.
970 2857 1160 2906 Manlia
1191 2857 1385 2905 Moret.
1422 2871 1503 2919 pr.
1554 2858 1743 2907 Manlia
1780 2872 1956 2907 omnes
1994 2861 2139 2909 Vatt.
2178 2859 2291 2908 Pal.
2331 2860 2486 2910 Farn.

281 2920 426 2970 Rott.
445 2921 614 2972 Oisel.
640 2925 765 2972 Lov.
791 2923 939 2972 Leid.
962 2937 1040 2986 pr.
1064 2922 1168 2970 duo
1194 2922 1364 2971 Oxon.
1388 2923 1519 2970 Exc.
1556 2922 1773 2974 Gevart.
1796 2922 1849 2972 in
1875 2924 2043 2975 Oxou.
2068 2940 2147 2989 pr.
2169 2925 2249 2974 hic
2268 2925 2320 2973 in
2341 2926 2485 2974 calce

280 2985 527 3049 leguntur
550 3002 722 3038 versus
745 2988 951 3054 quidam
972 2988 1072 3037 alio
1094 2988 1210 3057 loco
1234 2988 1513 3036 inserendi.

1283 3117 1504 3168 NOTAE

348 3232 446 3278 334
479 3229 678 3292 Duplici
698 3227 823 3291 vitu]
868 3228 974 3276 Seu
998 3225 1190 3290 duplici
1212 3224 1350 3274 fama

286 3314 372 3356 aut
393 3306 605 3368 merito,
636 3305 884 3356 doctrinae
906 3304 1108 3354 scilicet
1127 3309 1184 3352 et
1216 3303 1350 3353 Con-

288 3372 499 3446 sulatus,
520 3389 609 3431 eat
629 3382 681 3430 in
701 3397 890 3444 aevum,
924 3381 1019 3430 hoc
1052 3385 1150 3441 est,
1177 3393 1351 3428 conse·

288 3467 463 3510 cretur
481 3460 767 3510 aeternitati
786 3458 1013 3508 omnium
1025 3458 1349 3506 saeculorum.

287 3536 393 3586 Alii
414 3537 598 3601 legunt
619 3536 797 3600 duplici
834 3536 976 3597 sitta,
1010 3534 1157 3598 quasi
1185 3532 1351 3582 Theo-

287 3613 438 3662 dorus
460 3613 531 3662 sit
557 3612 812 3662 Sacerdos
837 3610 1044 3677 quidam
1080 3609 1258 3673 gloriae
1293 3616 1350 3658 et

290 3690 617 3751 aeternitatis»,
686 3704 836 3754 quam
894 3692 1239 3750 consequatur
1295 3692 1349 3734 et

291 3767 531 3818 doctrina
570 3774 626 3818 et
660 3767 964 3827 Consulatu,
1006 3763 1193 3828 quibus
1228 3775 1350 3810 con·

284 3845 479 3908 junctis
525 3845 933 3909 promittebatur
975 3838 1351 3891 immortalitas.

293 3923 567 3973 Consulum
613 3922 749 3971 enim
794 3920 1001 3970 nomina
1040 3931 1246 3981 semper
1296 3915 1352 3965 in

291 3999 453 4050 Fastis
473 3999 803 4063 legebantur,
821 4004 878 4048 et
900 3997 1170 4046 doctorum
1193 3993 1352 4060 nomi·

293 4091 356 4128 na
376 4091 582 4143 semper
601 4077 884 4142 loquuntur
906 4073 1157 4124 historiae.

1496 3229 1591 3274 835
1626 3226 1894 3290 Lege-ndns]
1927 3227 1989 3275 In
2012 3227 2179 3277 Libris
2204 3227 2270 3277 ob
2294 3227 2488 3277 doctri-

1430 3317 1565 3365 nam,
1584 3302 1637 3351 in
1659 3304 1829 3353 Fastis
1849 3305 1917 3353 ob
1942 3304 2293 3355 Consulatum.

1496 3384 1592 3429 338
1628 3380 1880 3445 Trabeam]
1933 3380 2203 3444 Perpetua
2246 3380 2492 3431 Consula-

1431 3462 1514 3505 tus
1533 3455 1760 3521 purpura
1784 3456 2127 3506 venerabilis..

1495 3536 1591 3582 339
1624 3533 1906 3597 Servatoque
1931 3533 2095 3583 ordine
2120 3533 2249 3596 fati]
2315 3533 2401 3582 Ne
2435 3532 2494 3584 fi-

1430 3610 1528 3660 lius
1547 3610 1796 3660 moriatur
1817 3616 1938 3660 ante
1963 3616 2162 3675 patrem
2184 3628 2196 3660 ε
2219 3611 2491 3677 quodcum

1431 3687 1645 3750 accidit,
1685 3686 1798 3737 fieri
1820 3687 2011 3738 dicitur
2033 3688 2048 3716 ‘
2077 3687 2288 3738 turbato
2311 3687 2492 3739 ordine

1429 3763 1795 3814 mortalitatis!

1498 3844 1595 3888 340
1632 3840 1941 3903 Numen-etur]
1994 3839 2288 3891 Posteritas
2321 3841 2494 3892 Mallii

1431 3922 1733 3965 numeretur
1784 3931 1881 3979 per
1931 3917 2202 3978 Consules,
2256 3917 2389 3966 adeo
2436 3924 2496 3967 ut

1436 3990 1809 4042 omnesMallii
1829 3998 2048 4057 nepotes
2078 3992 2183 4042 sint
2215 3992 2339 4043 olim
2358 3991 2494 4043 Con·

1430 4068 1586 4119 sules.
