2925 4928
932 435 1041 490 nn,
1078 436 1183 490 ιν.
1231 434 1451 485 cone..
1491 434 1776 490 nonen.
2311 417 2443 490 281

249 580 404 646 Non
432 579 899 666 Erymantheae
912 580 1066 665 jam
1092 580 1309 664 copia?
1327 579 1567 646 sufficit
1590 581 1874 658 umbrae,
1949 601 1954 608 ·
2043 595 2051 602 ·

246 683 610 748 Innumeris
642 693 890 754 exusta
914 686 1096 767 rogis
1121 707 1138 750 ε
1169 683 1559 767 nudataque
1583 683 1757 748 ferro

245 786 354 851 Sic
385 788 708 871 flagrasse
733 809 895 853 suas
912 791 1224 855 laetantur
1257 788 1558 852 Maenala
1587 789 1844 873 sylvas·

245 888 572 956 Excutiat
593 893 850 957 cineres
881 892 1144 977 Ephyre
1168 914 1186 973 ;
1220 892 1597 977 Spartanus
1624 899 1690 956 et
1715 889 1932 956 Arcas
1975 916 1982 921 ·

240 991 485 1070 Tmior
509 1016 885 1079 exsangues
911 996 1201 1081 pedibus
1232 996 1589 1080 proculcet
1611 1013 1883 1059 acervos
1905 1013 1925 1075 ;

244 1094 598 1182 Fessaque
626 1102 938 1184 pensatis
968 1102 1248 1183 respiret
1271 1099 1544 1165 Graecia
1569 1098 1815 1182 poenis,

243 1197 447 1277 Gens,
474 1221 610 1284 qua
639 1221 779 1266 non
811 1202 1170 1288 Scythicos
1202 1202 1506 1267 diffusior
1531 1202 1675 1266 ulla
1702 1200 1993 1264 Triones

241 1300 560 1382 Incoluit,
592 1307 701 1369 cui
726 1326 982 1389 parvus
1011 1306 1255 1385 Athos,
1288 1312 1701 1389 angustaque
1730 1304 2013 1381 Thrace,

2313 785 2445 856 4⁹7⁰

2314 1299 2446 1370 475

240 1494 334 1543 tha·
350 1494 565 1545 absumta
582 1497 719 1609 ¹³33&
744 1496 949 1564 infinitis
985 1497 1105 1547 satis
1139 1501 1231 1558 est,
1255 1501 1304 1545 et
1326 1496 1556 1558 Moenala,
1593 1496 1794 1559 spoliata
1814 1494 1987 1557 securi,
2007 1494 2217 1556 gaudent
2237 1491 2308 1542 ita
2324 1492 2450 1540 lucos

238 1574 341 1608 snos
359 1560 554 1611 arsisse.
666 1562 819 1627 phyre
839 1562 1035 1626 dissipet
1053 1564 1232 1612 cineres
1250 1579 1266 1610 .·
1302 1562 1647 1610 Lacedoemonii
1670 1566 1716 1611 et
1738 1560 1948 1609 Arcades
1974 1559 2227 1609 securiores
2262 1558 2441 1607 calcent

236 1625 430 1687 pedibus
451 1627 657 1675 cumulos
678 1633 966 1677 mortuorum
994 1645 1010 1676 .·
1037 1633 1086 1676 et
1128 1626 1319 1676 Graecia
1348 1625 1616 1688 defatigata
1651 1628 1862 1690 quiescat
1903 1625 2087 1675 damnis
2121 1621 2450 1687 compensatis:

242 1687 407 1755 Natio,
428 1706 520 1755 qua
535 1692 832 1742 nullatanus
847 1694 1078 1743 habitavit
1104 1693 1298 1742 Triones
1309 1691 1572 1758 Scythicos,
1592 1692 1671 1740 cui
1691 1692 1844 1741 Athos
1865 1692 2066 1753 exiguus
2086 1694 2207 1754 erat,
2228 1694 2276 1739 et
2298 1688 2450 1738 Thra-

1170 1838 1315 1859 ‘000‘
1322 1837 1527 1857 “O“‘O

239 1919 361 1972 Var.
396 1919 507 1971 LL.
553 1921 640 1972 ed.
679 1922 840 1975 Antv.
876 1924 1023 1987 periit
1045 1925 1230 1975 Petam
1255 1930 1377 1975 tert.
1426 1925 1556 1975 cadit
1578 1923 1692 1973 Pal.
1714 1921 1858 1972 Med.
1889 1937 1972 1985 pr.
2016 1934 2127 1970 num
2148 1920 2299 1969 lustra
2319 1918 2448 1968 vat.

239 1998 340 2033 sec.
384 1992 545 2036 castra
566 1988 690 2038 Vat.
710 1996 832 2040 tert.
854 1991 999 2041 Rott.
1020 1991 1245 2040 Floreat.
1266 2006 1336 2039 m.
1359 1993 1604 2055 ριν-469
1636 1988 1864 2038 exhausta
1883 1987 2095 2036 TholoS.
2118 1984 2304 2034 Ambr.
2340 1997 2445 2031 sec.

238 2049 338 2099 inc.
385 2051 574 2102 Heins.
610 2054 736 2103 Var·
777 2055 882 2104 LL.
919 2069 949 2103 e
985 2070 1149 2119 marg.
1176 2056 1352 2106 Parni.
1391 2060 1538 2104 exuta
1556 2056 1685 2103 Exc.
1706 2054 1860 2102 Voss.
1884 2052 2008 2103 Jun.
2034 2051 2215 2100 Barth.
2239 2049 2366 2099 Cod.
2391 2054 2449 2097 et

241 2111 321 2169 ed·
337 2116 518 2166 Vicet·
570 2119 678 2181 rogi
703 2120 832 2170 Exc.
857 2121 1076 2172 Lucens.
1102 2135 1182 2185 pr.
1215 2121 1354 2183 jug-is
1376 2122 1457 2169 vel
1480 2120 1610 2183 rogis
1625 2114 1749 2168 Vat.
1771 2132 1874 2167 sec.
1895 2115 2040 2166 Med.
2060 2131 2140 2180 pr.
2184 2115 2448 2175 avidamque

239 2179 366 2230 Exc.
391 2182 618 2231 Lucem.
639 2198 719 2247 pr.
756 2190 989 2249 exutaque
1029 2186 1112 2235 ed.
1150 2186 1327 2235 Vicet.
1363 2201 1528 2251 marg.
1565 2184 1752 2248 Isingr.
1786 2190 1842 2232 et
1881 2182 2223 2231 Para—470
2257 2181 2453 2229 laetatur

239 2243 390 2293 Fam.
416 2247 566 2297 Med.
589 2254 922 2313 quarn—471
965 2251 1154 2315 Ephyre
1174 2253 1350 2301 cineres
1372 2252 1499 2301 Lov.
1547 2250 1764 2313 Nephere
1786 2249 1820 2300 J
1827 2263 1908 2298 un.
1933 2262 2015 2309 pr.
2063 2246 2337 2295 Parthanus
2366 2242 2453 2293 ed.

239 2310 410 2361 Vicet.
454 2313 633 2362 Athlas
653 2329 748 2378 pro
769 2315 922 2364 Arcas
946 2315 1123 2367 Ambr.
1145 2321 1388 2380 piu—472
1421 2317 1653 2365 conculcet
1672 2315 1797 2363 Put.
1815 2314 1936 2362 Pat.
1957 2313 2155 2361 Bonon.
2170 2309 2349 2359 Ambr.
2369 2321 2451 2372 pr.

243 2377 389 2425 ambo
429 2378 793 2429 Moret.—-473
833 2381 1056 2444 celsaque
1086 2382 1286 2431 Thuan.
1324 2383 1523 2431 Bonon.
1556 2380 1769 2445 pensatis
1805 2379 1888 2427 vel
1921 2377 2123 2441 pulsatis
2144 2376 2315 2426 Oxon.
2340 2385 2449 2424 see.

237 2442 398 2503 pennis
421 2458 517 2506 pro
538 2445 689 2507 poenis
705 2446 827 2496 Jun.
846 2450 1092 2509 pin—474
1129 2446 1260 2496 Gens
1270 2462 1370 2510 quoe
1393 2448 1703 2498 Rott.—475
1738 2444 1897 2494 Atha-s
1917 2458 2012 2508 pro
2035 2441 2187 2492 Athos
2201 2438 2449 2490 Var.LL.

245 2507 325 2556 ed.
349 2507 513 2559 Antv.
554 2510 823 2576 inclusaque
838 2511 988 2562 Med.
1011 2518 1181 2578 quart.
1216 2519 1297 2562 aut
1319 2518 1554 2578 grataque
1574 2512 1608 2563 J
1614 2526 1700 2562 uu.
1724 2525 1803 2575 pr.
1841 2515 1984 2561 terroe
2004 2523 2100 2573 pro
2128 2508 2306 2558 Thrace
2325 2505 2451 2555 Vat.

1236 2682 1459 2732 NOTAE

247 2810 632 2862 ministrandus.
696 2812 861 2861 Tanta
888 2818 968 2862 est
989 2818 1309 2863 mortuorum

250 2889 498 2939 Getarum
517 2888 826 2938 multitudo!
1232 2890 1243 2901 ’

308 2965 485 3030 Lycei]
536 2967 755 3028 Lycaeus
777 2980 920 3016 mons
943 2973 1024 3016 est
1050 2967 1315 3033 Arcadiae,

250 3042 519 3093 arboribus
542 3042 772 3092 consitus
795 3043 952 3093 variis
973 3044 1026 3092 in
1043 3045 1190 3095 locis.

304 3123 400 3170 468
436 3119 796 3183 Erymantheae]
844 3119 1193 3184 Erymanthus
1227 3120 1309 3171 iti-

249 3196 361 3247 dem
380 3203 464 3246 est
485 3212 633 3247 mous
671 3197 914 3247 Arcadias
937 3199 1192 3262 sylvosns,
1221 3199 1311 3248 ubi

249 3274 547 3324 stabulabat
590 3289 719 3337 aper
769 3275 1166 3340 Erymantheae,
1221 3276 1312 3341 qui

250 3351 436 3402 dicitur
469 3366 502 3402 a
534 3351 806 3415 Cicerone,
846 3351 861 3377 ‘
883 3350 1029 3416 Aper
1062 3354 1311 3417 Eryman-

252 3427 422 3478 thius!

312 3502 529 3567 Um'brae]
564 3502 731 3566 Copia
750 3518 841 3554 seu
864 3506 1141 3555 multitudo
1165 3505 1313 3556 arbo-

249 3594 354 3629 rum
370 3579 610 3630 umbram
631 3580 790 3629 latam
809 3580 1205 3645 porrigentium,
1218 3584 1314 3632 sic·

249 3670 340 3721 que
381 3655 573 3706 umbra
607 3656 820 3719 ponitur
864 3662 959 3721 p'ro
1021 3659 1312 3723 arboribus,

251 3731 463 3784 effectus
501 3733 707 3784 scilicet
742 3748 840 3798 pro
861 3749 1059 3798 causan
1093 3744 1154 3786 ut
1174 3738 1312 3802 apud

250 3812 541 3876 Virgilium,
572 3811 589 3838 ‘
616 3812 773 3862 Falce
797 3826 944 3862 seces
968 3813 1215 3878 umbras‚’
1258 3816 1312 3865 id

253 3896 344 3954 est,
362 3888 593 3952 frondes,
616 3905 732 3955 quae
747 3889 943 3940 faciunt
965 3893 1185 3943 umbras.

310 3971 406 4018 uo
438 3967 681 4029 Moenala]
736 3967 1010 4031 Maenalus,
1049 3969 1178 4019 etin
1200 3970 1314 4034 plu·

255 4045 358 4108 rali,
377 4044 631 4106 Maenala,
655 4058 803 4094 mons
826 4044 1005 4094 itidem
1026 4045 1270 4097 Arcadiae
1295 4064 1311 4097 ε

259 4127 441 4189 gaudet
468 4139 590 4176 snas
627 4126 799 4190 sylvas
835 4125 1020 4176 ardere
1044 4132 1201 4192 atque
1218 4127 1311 4176 im·

259 4194 405 4264 pendi
436 4203 506 4252 ad
550 4203 855 4252 cremandos
907 4203 1186 4270 BarbaroS,
1226 4205 1315 4272 qui

260 4279 580 4330 Provinciam
602 4280 747 4331 iliam
767 4287 1120 4332 vastaverant.

317 4363 406 4411 4⁷1
441 4359 666 4426 Ephyre]
698 4359 836 4412 Urbs
850 4360 905 4411 in
922 4361 1120 4413 Isthmo
1138 4363 1316 4415 Corin‘-

1390 2812 1583 2876 thineo,
1603 2827 1719 2877 quae
1742 2818 1797 2862 et
1818 2810 2096 2861 Corinthus
2116 2808 2338 2860 dicitur:
2364 2808 2453 2858 ho·
2476 2845 2479 2850 .

1391 2890 1477 2939 die
1504 2892 1727 2940 Cor-anto.
1851 2898 1866 2905 '

1453 2966 1741 3033 Spartanus]
1773 2966 1961 3030 Sparta
1982 2972 2072 3014 aut
2086 2964 2452 3027 Lacedaemon,

1390 3044 1512 3094 urbs
1548 3043 1865 3094 nobilissima
1903 3042 2271 3105 Peloponnesi,
2307 3041 2455 3105 cujus

1391 3120 1534 3170 cives
1575 3121 1822 3170 dicuntur
1860 3118 2123 3182 Spartani,
2163 3124 2255 3168 aut
2293 3119 2457 3168 Laces

1392 3197 1646 3248 daemouii.

1454 3274 1632 3337 Arcas]
1678 3272 1868 3337 Populi
1908 3271 2162 3335 Arcadiae,
2204 3270 2279 3321 sic
2323 3270 2455 3320 dicti

1393 3351 1459 3401 ab
1486 3349 1691 3400 Arcade
1710 3349 1856 3401 Jovis
1879 3354 1934 3397 et
1952 3348 2177 3398 Calistus
2200 3346 2322 3396 filio.
2529 3358 2530 3361 ’

1456 3432 1554 3478 473
1592 3425 1837 3492 Respiret]
1878 3424 2086 3474 Graecia
2105 3422 2372 3489 quiescere
2391 3438 2453 3473 ac

1391 3504 1601 3555 liberius
1622 3503 1880 3566 respirare
1901 3500 2136 3564 incipiat,
2157 3504 2160 3507 “
2179 3498 2378 3549 damnis
2400 3508 2458 3549 et

1390 3581 1679 3647 suppliciis,
1718 3588 1830 3645 quae
1866 3593 1897 3626 a
1921 3576 2166 3626 Barbaria
2190 3590 2341 3641 passa
2356 3582 2455 3641 est,

1392 3657 1737 3722 compensatis
1775 3660 1941 3704 morte
1983 3653 2212 3717 ipsorum
2252 3652 2455 3703 Barba·

1392 3749 1585 3785 rorum.

1455 3816 1554 3862 474
1591 3807 1807 3872 Triones]
1856 3808 2107 3858 Getarum
2146 3822 2293 3872 gens,
2341 3823 2455 3873 quae

1393 3899 1565 3942 vastas
1618 3888 1891 3953 occupavit
1925 3887 2152 3951 Scythiae
2205 3887 2462 3952 regiones,
2519 3928 2522 3929 γ

1389 3986 1567 4023 versus
1588 3969 2050 4034 Septemtrionem.
2129 3968 2339 4018 Triones
2375 3984 2457 4019 su·

1393 4062 1489 4115 pra
1513 4064 1588 4097 vs.
1606 4052 1719 4097 170.
1742 4046 1794 4095 ἰιι
1819 4058 1907 4096 ιιι.
1930 4046 2085 4095 Cous.
2109 4043 2253 4094 Hon.

1456 4129 1551 4175 4⁷5
1587 4123 1764 4185 Athos]
1814 4122 1967 4171 Mons
1989 4127 2069 4170 est
2090 4121 2344 4184 Thraciae,
2369 4134 2459 4171 no-

1392 4209 1478 4254 tus
1496 4204 1564 4254 ob
1585 4203 1819 4252 Xerxem
1837 4218 1848 4249 :
1865 4199 1966 4249 etsi
1982 4199 2253 4261 maximus,
2268 4211 2458 4264 parvus

1394 4288 1571 4332 tamen
1590 4285 1705 4329 erat
1728 4293 1838 4342 prae
1851 4275 2071 4325 hostium
2094 4275 2457 4338 multitudiueg

1394 4359 1584 4424 etipsa
1601 4357 1824 4410 Thracia·
1842 4355 1934 4406 hos
1957 4367 2063 4421 non
2086 4352 2350 4419 capiebat.
2375 4382 2378 4391 ,
