2925 4928
2314 361 2473 479 Ε.

849 430 952 481 DE
1009 426 1282 477 sunu!
1337 422 1621 477 THEOD.
1666 421 1879 476 coNS.

263 576 511 644 Notior
534 583 640 643 est
666 575 1003 642 Helicone
1027 575 1288 642 domus.
1375 574 1667 641 Gestare
1692 571 1980 652 curules,

265 677 354 747 Et
380 681 609 747 fasces
633 682 922 747 subiisse
945 682 1151 746 libet.
1223 679 1560 745 Miracula
1585 677 1769 763 plebi

263 780 599 867 Colligite,
632 789 702 848 et
730 785 932 849 claris
949 804 1195 849 nomen
1224 782 1564 848 celebrate
1595 781 1902 848 theatris.

253 880 367 949 Tu
393 884 441 951 J
445 887 592 951 ovis
625 888 921 971 aequorei
956 888 1366 951 submersam
1396 885 1712 951 fluctibus
1737 885 1958 950 aulam

260 987 540 1053 Gratum
568 990 896 1067 volucres,
929 989 1157 1069 Erato,
1180 988 1326 1073 jam
1356 1008 1582 1073 perge,
1608 987 1992 1072 quadrigas,

259 1088 327 1154 A
358 1092 603 1176 quibus
633 1093 811 1157 haud
841 1113 1133 1177 unquam
1161 1094 1454 1177 palmam
1481 1099 1793 1176 rapturus
1824 1088 2066 1156 Arion.
2402 1144 2407 1148 .

255 1191 555 1259 Illustret
585 1193 851 1260 Circum
876 1196 1169 1279 sonipes,
1193 1195 1607 1281 quicumque
1635 1194 1930 1277 superbo
2335 1191 2481 1276 285

254 1289 632 1381 Perstrepit
657 1285 912 1362 hinnitu
942 1298 1191 1376 Baetin,
1215 1297 1337 1383 qui
1364 1295 1721 1381 splendida
1748 1299 1941 1381 potat

2337 672 2472 744 ’ἓ

235 1452 380 1513 ferre
398 1456 538 1504 sellas
558 1455 830 1518 eburneas,
850 1457 1042 1516 etserre
1058 1456 1235 1516 fasces.
1302 1456 1578 1521 Conquirite
1608 1456 1833 1520 prodigia
1869 1455 1935 1505 ad
1970 1457 2194 1520 populum
2224 1469 2465 1506 recrean-

250 1520 394 1580 dum,
415 1525 463 1569 et
478 1522 737 1584 praedicate
755 1538 919 1572 nomen
938 1523 1164 1572 Theodori
1184 1523 1238 1571 in
1260 1523 1462 1574 theatris
1481 1522 1761 1585 insignibus.
1834 1522 1923 1585 Tu,
1961 1537 1993 1571 o
2029 1523 2197 1582 Erato,
2229 1521 2334 1582 jam
2345 1527 2457 1585 pete

246 1585 582 1634 adam-Jovis
599 1587 774 1635 marini
794 1589 1106 1637 exundantem
1125 1588 1276 1651 aquis,
1306 1593 1537 1650 rogatura
1558 1603 1698 1651 equos
1730 1588 1919 1649 citatos,
1954 1587 2122 1652 quibus
2138 1586 2294 1636 Arion
2316 1601 2462 1651 equus

249 1663 489 1714 mquam
509 1650 753 1701 ablaturus
771 1660 853 1702 est
874 1653 1137 1703 victoriam.
1205 1654 1371 1716 Equus
1398 1658 1533 1703 ornet
1571 1654 1779 1718 Circum,
1798 1653 2069 1717 quicumque
2096 1656 2320 1716 personat
2343 1653 2461 1702 Βω-

1185 1783 1214 1803 0
1219 1782 1547 1803 ‘mOOOOOOO

255 1861 422 1911 domus
445 1877 563 1912 cum
588 1862 838 1913 Gevartio
859 1864 943 1914 hic
964 1865 1242 1930 legendum
1263 1865 1464 1915 monuit
1484 1864 1749 1917 HeinsinS.
1781 1866 2125 1917 Desideratnr
2165 1867 2251 1916 hic
2284 1875 2463 1915 versus

256 1925 314 1975 in
331 1929 712 1992 quatuorVatt.
733 1931 844 1980 Pal.
865 1932 1017 1982 Farn.
1041 1932 1183 1982 Prie.
1205 1933 1352 1981 Rott.
1378 1931 1546 1982 Oisei.
1567 1932 1726 1981 sedin
1750 1932 1879 1982 Lov.
1904 1938 2018 1982 erat
2040 1931 2255 1993 margini
2274 1930 2471 1995 ascrip-

235 1999 361 2042 ·tuS.
394 1995 555 2043 curule
572 1994 717 2043 Leid.
742 2000 988 2059 pru—280
1023 1998 1104 2045 En
1122 1995 1282 2056 fasces
1319 1997 1449 2045 Exc.
1476 1998 1693 2046 Lucens.
1735 2012 1814 2062 pr.
1857 1999 1924 2046 Et
1947 1998 2029 2046 vel
2057 1998 2135 2047 En
2155 1998 2276 2046 Vat.
2297 1997 2463 2060 quint.

255 2057 367 2107 licet
389 2057 536 2108 Med.
559 2072 662 2108 sec.
682 2061 881 2110 'I'holos.
908 2061 1039 2110 Exc.
1063 2061 1280 2111 Gevart.
1312 2061 1425 2110 libet
1451 2062 1576 2111 Var.
1602 2063 1704 2111 LL.
1728 2077 1759 2111 e
1782 2077 1947 2124 marg.
1967 2061 2142 2110 Parm.
2176 2077 2317 2111 novos
2338 2061 2469 2111 Exc.

252 2121 465 2173 Ruben.
487 2122 572 2173 ed.
597 2122 770 2176 Psrm.
792 2141 932 2174 novos
953 2128 1038 2175 vel
1080 2126 1194 2176 libet
1215 2128 1335 2176 Vnt.
1359 2127 1525 2190 quint.
1542 2127 1688 2176 Med.
1707 2141 1784 2190 pr.
1812 2127 1939 2191 plebi
1963 2135 2064 2175 vet.
2105 2127 2234 2190 Gyr.
2265 2127 2466 2175 Moret.
2484 2157 2503 2174 t

256 2202 339 2302 ᾗ.
363 2188 496 2239 Exc.
519 2189 672 2240 Laeti.
705 2190 873 2239 Phoebi
896 2191 1019 2241 Vnt.
1042 2206 1122 2256 pr.
1154 2206 1224 2241 m.
1259 2204 1364 2241 sec.
1389 2192 1503 2241 Pal.
1547 2192 1651 2241 dno
1675 2192 1819 2241 Med.
1863 2193 1966 2242 inc.
2004 2192 2185 2242 Heius.
2218 2193 2342 2243 Jun.
2384 2204 2468 2252 pr.

213 2259 222 2262 “
335 2252 406 2302 id.
430 2268 511 2317 pr.
533 2268 604 2303 m.
626 2270 708 2320 pr.
732 2255 903 2306 Oxou.
927 2271 1029 2307 see.
1055 2257 1183 2305 LoV.
1204 2272 1274 2307 m.
1301 2271 1406 2305 sec.
1431 2258 1634 2308 Mazar.
1658 2256 1848 2307 Petav.
1872 2265 1994 2307 tert.
2018 2255 2140 2307 Ald.
2165 2257 2289 2306 Var.
2313 2256 2417 2305 LL.
2437 2268 2470 2303 e

255 2332 421 2383 marg.
441 2317 618 2367 Parm.
654 2321 805 2370 Phebi
827 2322 1028 2371 Bonon.
1050 2323 1254 2372 Tholos.
1276 2322 1474 2371 Moret.
1499 2337 1607 2371 sec.
1645 2328 1752 2371 tres
1787 2322 1971 2373 Ambr.
2006 2321 2176 2371 Phoebi
2219 2322 2302 2371 vel
2336 2319 2466 2384 plebi

255 2383 376 2432 Vat-
401 2390 576 2449 quart.
600 2384 735 2447 Reg.
759 2386 931 2437 Oxon.
951 2392 1194 2454 pr.·—281
1236 2387 1437 2450 Colligit
1465 2387 1608 2437 Leid.
1628 2402 1711 2451 ρι’.
1734 2389 1888 2452 tyaris
1906 2388 2032 2439 Jun.
2055 2401 2132 2450 pr.
2166 2387 2345 2437 choreis
2365 2386 2470 2435 inc.

256 2446 610 2501 Heins.—282
644 2452 714 2499 Ee
736 2451 873 2501 Jovis
892 2452 1078 2503 Ambr.
1104 2468 1209 2504 sec.
1239 2454 1342 2503 inc.
1383 2452 1562 2503 Heius.
1586 2455 1814 2518 ‹equor-eis
1847 2453 1949 2503 dno
1989 2454 2137 2502 Vatt.
2160 2453 2345 2502 Petav.
2384 2466 2468 2514 pr.

256 2527 323 2562 m.
347 2529 456 2564 sec.
492 2531 752 2578 ‹equor-eam
778 2519 933 2568 Farn.
974 2521 1131 2568 alvum
1153 2519 1280 2568 Var.
1302 2519 1409 2568 LL.
1448 2518 1534 2569 ed.
1572 2517 1895 2569 Anum—283
1934 2520 2137 2567 Oretum
2177 2523 2226 2567 et
2262 2519 2473 2567 volucres

248 2603 399 2654 Fam.
433 2620 605 2670 sparge
626 2608 777 2657 Farn.
814 2608 976 2658 Oisel.
1016 2609 1166 2659 Leid.
1211 2623 1291 2672 pr.
1327 2611 1415 2686 pte
1446 2608 1704 2671 quadrigas
1727 2608 2014 2658 Pan—284
2052 2608 2098 2655 Ο
2135 2607 2302 2671 quibus
2339 2606 2469 2658 Exc-

253 2695 479 2747 Lueens.
503 2712 612 2747 sec.
642 2697 747 2747 Aut
766 2699 929 2762 quibus
945 2700 1117 2748 Oxou.
1139 2714 1246 2748 see.
1276 2704 1375 2748 aut·
1397 2696 1647 2762 numquam
1682 2699 1828 2748 Med.
1865 2704 2032 2763 quart.
2059 2700 2244 2762 palmas
2260 2698 2469 2750 Tholos.

251 2762 405 2811 Arimi
425 2763 619 2812 Mazar.
657 2764 808 2813 Orion
829 2763 974 2814 Med.
996 2779 1102 2814 sec.
1124 2780 1193 2813 m.
1217 2778 1296 2826 pr.
1316 2765 1522 2814 Tholos.
1545 2765 1730 2814 Petav.
1754 2780 1859 2814 sec.
1884 2765 2015 2820 Quas
2036 2764 2189 2813 trahit
2210 2764 2336 2812 haud
2362 2779 2475 2812 um·-

252 2841 390 2890 quam
407 2829 616 2891 palmam
636 2829 892 2878 amissurus
929 2829 1083 2879 Arion
1116 2829 1301 2878 Ambr.
1323 2831 1869 2879 tert.—285.Illustrat
1893 2830 2087 2878 Moret.
2127 2823 2230 2877 sec'.
2266 2829 2466 2879 Illustra
2542 2834 2545 2836 ’

249 2891 374 2941 Jnn.
395 2907 478 2956 pr.
512 2893 693 2956 sonipes
711 2895 887 2943 circum
913 2895 1107 2942 Mazar.
1131 2908 1427 2957 quecumque
1447 2893 1595 2942 Med.
1622 2899 1909 2944 terh—286
1938 2895 2209 2957 Perstrepet
2232 2893 2465 2944 Florent-

253 2956 441 3007 Petav,
466 2971 547 3021 pr.
581 2959 864 3023 Proestrepit
891 2960 1081 3009 Moret.
1105 2973 1210 3008 sec.
1247 2959 1479 3022 Inar-epit
1499 2958 1625 3009 Jun.
1651 2974 1731 3022 pr.
1766 2959 1948 3009 Boetim
1971 2960 2087 3007 Pal.
2121 2958 2306 3008 Betlein
2331 2960 2463 3009 Lov.

254 3014 420 3089 Boetiqi
442 3036 617 3072 omnes
640 3023 787 3072 Vatt.
810 3023 976 3075 Oisel.
1011 3031 1118 3073 tres
1142 3023 1290 3072 Med.
1331 3024 1551 3073 totidem
1575 3024 1759 3074 Petav.
1794 3025 1916 3075 Put.
1957 3026 2089 3087 Reg.
2129 3025 2327 3073 Thuau.
2362 3024 2467 3074 Bo-

255 3101 375 3136 non.
400 3086 526 3138 Pat.
546 3088 751 3139 Tholos.
774 3087 958 3139 Ambr.
990 3104 1070 3154 pr.
1094 3089 1198 3138 inc.
1220 3087 1406 3139 Heius.
1429 3087 1552 3137 Ald.
1581 3094 1718 3152 potat
1756 3090 1885 3140 Exc.
1926 3090 2076 3140 Laeti.
2119 3094 2278 3153 portat
2312 3088 2465 3139 Leid.

254 3164 330 3217 pr.
353 3167 521 3218 m.‚pr.
543 3153 666 3204 Jun.
684 3169 766 3220 pr.
785 3154 963 3206 Oxon.
995 3169 1103 3204 sec.
1137 3153 1307 3203 Oisel.
1346 3154 1582 3204 Florent.
1604 3156 1805 3204 Bonon.
1824 3154 2007 3204 Ambr.
2044 3168 2124 3219 pr.
2149 3155 2270 3204 Vat.
2295 3160 2466 3220 quart.

1256 3300 1470 3351 No'rAE

313 3402 414 3449 280
447 3398 711 3464 Miracula]
756 3400 966 3451 Bestias
992 3405 1319 3465 portentosas
1399 3400 1553 3451 valde·
1595 3399 1750 3451 utiles
1790 3398 1897 3449 sint
1938 3399 1993 3448 in
2032 3398 2324 3458 amoribus;
2379 3397 2465 3448 vel

253 3474 320 3524 ud
343 3475 493 3526 ludos
514 3476 763 3527 edendos.
1399 3477 1572 3540 potius
1605 3477 1743 3543 quod
1776 3476 1982 3527 Mallius
2019 3476 2269 3526 amatoria
2304 3474 2464 3541 scrip-

315 3554 412 3601 281
453 3552 699 3616 neutris]
730 3550 957 3618 Θέατρον,
991 3551 1085 3603 ὰπὸ
1105 3550 1193 3602 τοῦ
1214 3551 1319 3603 θεά·
1397 3553 1540 3603 serit.

251 3630 403 3692 «σθαι,
418 3634 633 3692 spectare
640 3644 659 3686 ,·
682 3635 766 3679 est
787 3631 924 3679 enim
949 3630 1226 3695 spectandi
1245 3631 1319 3680 lo·
1461 3634 1561 3680 284
1592 3630 1772 3694 Arion]
1827 3631 2004 3696 Equus
2025 3629 2079 3679 in
2096 3628 2282 3680 fabulis
2305 3627 2466 3680 notis·

251 3720 359 3755 cns.
427 3706 559 3756 Ideo
584 3713 758 3757 autem
781 3706 980 3756 Uranie
1002 3708 1229 3773 loquitur
1250 3706 1316 3756 de
1398 3710 1578 3759 simus.

248 3781 483 3847 theatris,
507 3783 648 3849 quod
663 3785 777 3834 haec
793 3784 998 3834 musicis
1010 3784 1315 3835 instrumen-
1458 3790 1554 3838 285
1594 3786 1787 3835 Circum
1823 3786 2028 3851 sonipes]
2078 3786 2259 3836 Circus
2291 3783 2464 3835 Maxi·

251 3859 319 3909 tis
342 3867 707 3923 personarent.
1394 3879 1507 3915 mus
1538 3865 1807 3914 dedicatus
1852 3866 2120 3929 Neptuno,
2152 3863 2238 3929 qui
2269 3858 2475 3926 primus

314 3942 414 3989 282
455 3940 596 3989 Jovis
632 3938 857 4003 aequorm']
930 3939 1202 4004 Neptuni:
1238 3940 1314 3989 sic
1394 3957 1424 3991 e
1446 3947 1591 3991 terra
1614 3942 1854 3992 tridentis
1875 3942 1983 3992 ictu
2006 3955 2256 4006 percussa
2276 3952 2464 4006 equum

205 4052 208 4055 >
251 4016 458 4082 Jupiter
482 4015 714 4067 infernus
737 4016 895 4066 Pluto
917 4015 1132 4068 dicitur.
1395 4016 1594 4068 fudisse
1617 4018 1823 4067 dicitur.

309 4098 406 4144 288
450 4094 625 4157 Erato]
675 4092 793 4142 Ἀπὸ
831 4091 917 4141 τοῦ
962 4093 1089 4158 ἐρᾷν,
1139 4108 1316 4145 amare.
1460 4098 1559 4143 286
1591 4095 1774 4157 Baetin,
1824 4093 1970 4156 Tagi]
2039 4090 2114 4142 Hi
2155 4095 2275 4140 sunt
2316 4087 2466 4141 fluvii

251 4169 511 4221 Proesidet
533 4169 822 4232 amoribus3
855 4170 946 4219 sed
970 4186 1063 4220 cur
1086 4170 1198 4220 haec
1235 4186 1317 4220 ro·
1397 4171 1683 4236 Hispaniae,
1706 4172 1878 4234 vulgo,
1921 4169 2037 4219 Taio
2070 4158 2124 4217 et*
2167 4166 2465 4230 Guadalqui·

254 4251 345 4309 gat
399 4247 711 4311 Neptunum
770 4247 967 4310 equos?
1023 4246 1121 4294 nisi
1169 4245 1318 4310 quod
1396 4248 1492 4321 agir,
1544 4246 1611 4296 ad
1653 4261 1873 4314 quorum
1912 4245 2052 4312 ripas
2095 4246 2303 4297 aluntur
2339 4242 2461 4311 equi

254 4336 412 4391 equos
433 4323 715 4389 Neptunus
737 4321 1068 4388 produxerit,
1107 4329 1164 4372 et
1199 4323 1320 4389 equi
1398 4322 1599 4390 optimi.
