2925 4928
794 407 872 459 m
926 407 977 460 1.
1024 408 1234 459 cons,
1282 407 1609 458 srlmcn.
1657 405 1804 457 ma.
1852 407 1901 455 1.
2333 385 2463 460 613

267 562 597 629 Venturus
627 558 767 622 dux
789 556 1005 643 major
1025 560 1191 622 erat.
1279 555 1589 622 Victoria
1613 555 1794 620 nulla

268 663 535 742 clarior,
569 670 690 727 aut
717 659 1054 725 hominum
1080 658 1259 725 votis
1285 659 1579 742 optatior
1605 677 1898 742 unquam

268 766 576 848 Contigit.
668 763 778 828 An
809 765 1161 848 quisquam
1192 763 1540 846 Tigranen,
1572 780 1883 845 armaque
1914 760 2139 839 Ponti,
2329 762 2461 829 370

265 869 389 934 Vel
422 868 747 952 Pyrrhum
779 866 1225 952 Antiochique
1255 867 1524 949 fugamf
1549 866 1655 931 vel
1684 864 1908 930 vincla
1936 866 1983 930 J
1989 865 2287 947 ugurthae

265 969 589 1049 Conferat,
619 978 740 1034 aut
769 969 1049 1047 Persen,
1080 969 1613 1052 debellatumque
1646 968 2088 1053 Philippum?

263 1074 355 1139 Hi
386 1073 794 1157 propagandi
822 1079 1086 1138 ruerant
1112 1092 1234 1156 pro
1263 1072 1473 1137 limite
1500 1072 1721 1154 regni:
1761 1141 1768 1148 ,

263 1175 397 1241 Hic
431 1178 653 1239 stabat
682 1175 992 1239 Romana
1016 1175 1238 1240 salus:
1284 1174 1379 1239 ibi
1409 1180 1710 1259 tempora
1739 1181 1921 1241 tutas

262 1278 636 1342 Traxerunt
665 1279 871 1343 dilata
900 1297 1155 1343 moras:
1203 1280 1314 1345 hic
1344 1280 1605 1344 vincere
1636 1280 1825 1345 tarde
2329 1277 2462 1347 375

255 1479 486 1546 affuturas
522 1484 641 1529 erat.
710 1480 858 1528 Nulla
879 1479 1077 1529 victoria
1113 1479 1342 1529 illustrior
1370 1495 1575 1544 unquam
1613 1479 1785 1542 evenit,
1819 1481 1893 1529 vel
1929 1479 2180 1543 optabilior
2217 1478 2464 1529 desideriis

255 1547 499 1594 hominum.
568 1545 649 1593 An
684 1544 854 1608 aliquis
891 1544 1180 1607 comparabit
1208 1545 1316 1594 huic
1343 1546 1615 1607 Tigranem,
1639 1551 1686 1594 et
1710 1546 1826 1594 bella
1848 1546 2013 1606 Ponti,
2034 1547 2108 1594 vel
2131 1544 2390 1609 Pyrrham,
2411 1548 2461 1592 et

244 1610 413 1673 fugam
433 1610 678 1671 Antiochi,
713 1611 785 1659 vel
820 1610 1144 1673 captivitatem
1176 1611 1456 1672 Jugurthoe‚
1490 1612 1563 1659 vel
1584 1611 1780 1674 Persen,
1802 1616 1846 1659 et
1879 1610 2152 1674 Philippum
2189 1610 2421 1659 devictum
2437 1604 2464 1658 ζ’

256 1675 329 1725 Hi
349 1676 509 1725 duces
532 1676 696 1723 nostri
716 1674 958 1724 irruebant
976 1691 1064 1739 pro
1071 1675 1257 1740 finibus
1277 1676 1563 1725 dilatandis.-
1596 1676 1644 1724 in
1684 1676 1768 1724 hoc
1804 1675 1939 1724 bello
1971 1678 2097 1724 satus
2119 1675 2337 1725 Romana
2356 1688 2463 1723 con·

252 1741 455 1791 sistebat.
527 1740 606 1790 Ibi
642 1741 810 1789 dilatio
848 1742 1070 1805 temporis
1103 1740 1246 1789 dabat
1280 1756 1458 1790 moram
1494 1756 1723 1805 securam,
1753 1741 1831 1790 laic
1863 1755 2084 1806 superare
2104 1755 2225 1804 sero,
2235 1738 2461 1801 saitsere

1182 1870 1536 1892 000000000000

251 1973 407 2020 -368
447 1970 674 2019 Vecturas
707 1969 1026 2018 Fam—369
1057 1970 1296 2032 optantior
1317 1968 1418 2017 duo
1446 1968 1754 2019 Mem—370
1786 1974 1867 2018 aut
1889 1971 2129 2032 qnisquam
2148 1970 2290 2018 Rott.
2315 1966 2462 2018 Med.

252 2049 350 2087 sec.
387 2035 487 2084 inc.
523 2035 707 2085 Heius.
746 2035 940 2084 Mazar.
962 2033 1142 2085 Ambr.
1177 2049 1256 2097 pr.
1311 2034 1436 2083 haud
1469 2035 1712 2097 quisquam
1753 2036 1902 2086 Leid.
1941 2041 1996 2084 et
2029 2035 2155 2086 Jun.
2231 2048 2273 2083 r.
2314 2032 2463 2084 Med.

289 2106 420 2149 uart.
453 2099 662 2163 antiqueis
682 2099 828 2149 Med.
852 2107 973 2150 tert.
1007 2100 1158 2149 Voss.
1181 2099 1301 2150 Pat.
1324 2101 1448 2149 Var.
1472 2100 1676 2162 LL.,ea.
1701 2099 1859 2151 Antv.
1892 2101 2160 2163 antiquisne
2233 2104 2307 2148 ut.
2328 2098 2461 2147 Exc.

251 2115 461 2214 gevart.
515 2166 817 2228 quisquamne
838 2166 988 2214 Voss.
1028 2180 1095 2213 ιιι.
1120 2179 1224 2214 sec.
1249 2164 1350 2213 duo
1376 2164 1558 2213 Medd.
1613 2165 1825 2229 antiquis
1847 2166 1930 2215 vel
1953 2166 2251 2229 quisquamne
2273 2164 2465 2214 Petav-

252 2244 352 2278 sec.
410 2231 661 2279 Heinsius
702 2238 874 2279 tamen
915 2230 1024 2279 hnic
1054 2229 1267 2293 quisnam
1303 2230 1619 2293 conjecerat.
1678 2232 1933 2293 Triganem
1971 2232 2099 2280 Exc.
2123 2231 2340 2279 Lucens.
2376 2242 2462 2291 pr.

246 2309 462 2359 armaque
482 2296 691 2358 potentis
714 2295 857 2345 Leid.
900 2310 979 2358 pr.
1031 2310 1220 2343 armave
1241 2295 1358 2344 Pal.
1397 2296 1594 2345 Thuan.
1620 2296 1761 2347 Med.
1785 2299 2029 2360 [πη-*372
2062 2311 2125 2344 an
2149 2295 2312 2344 Perse
2331 2293 2364 2344 J
2371 2306 2461 2345 un.

251 2373 326 2422 pr.
385 2361 590 2409 Persam
612 2360 752 2411 Prie.
808 2361 1003 2409 Persem
1020 2360 1138 2412 Pal.
1163 2360 1306 2409 Med.
1330 2375 1406 2423 pr.
1428 2360 1790 2410 Thuan.—373
1828 2362 1949 2411 Hoec
1969 2361 2163 2411 'I'liuam
2218 2360 2314 2410 Illa
2335 2358 2461 2409 Vat.

286 2439 322 2475 r.
344 2431 400 2476 et
437 2432 564 2476 tert.
603 2425 718 2477 Pal.
747 2426 891 2476 Rott.
931 2424 1090 2475 Oisel.
1117 2424 1216 2474 duo
1239 2425 1385 2478 Med.
1411 2425 1597 2477 PetaV.
1622 2442 1700 2491 pr.
1755 2427 1858 2476 Ista
1894 2427 2078 2478 PetaV.
2104 2429 2227 2476 tert.
2263 2440 2331 2474 m.
2357 2436 2461 2475 sec.

274 2489 365 2539 ἀν.
391 2492 501 2542 LL.
527 2506 558 2540 e
580 2506 740 2553 marg.
776 2491 949 2541 Pann.
1006 2491 1081 2540 Hi
1123 2493 1204 2539 vel
1244 2492 1340 2540 lua
1379 2493 1606 2541 Floreat.
1695 2494 1955 2555 ropagandi
1991 2493 2116 2542 Vat.
2155 2505 2235 2554 pr.
2260 2505 2329 2539 m.
2354 2503 2463 2540 sec·

247 2553 367 2605 Exc.
391 2556 549 2607 Laeti.
595 2558 940 2621 propugnanda
961 2555 1116 2605 Farn.
1168 2561 1363 2604 ruerant
1382 2556 1530 2606 Med.
1555 2566 1610 2606 et
1686 2557 1816 2606 mbr.
1843 2563 1964 2606 tert.
1992 2558 2120 2606 Exc.
2145 2557 2361 2605 Lucens.
2379 2568 2460 2617 pr.
2529 2600 2540 2607 ,

241 2628 411 2671 vexant
436 2620 591 2671 Med.
616 2630 784 2686 quart.
829 2622 1023 2670 Mazar.
1062 2621 1190 2670 Exc.
1229 2621 1356 2671 Cod.
1397 2622 1579 2671 Rhem.
1620 2620 1820 2681 fuerant
1851 2622 1953 2671 duo
1976 2623 2121 2671 Vatt.
2162 2621 2279 2669 Pal.
2305 2620 2460 2669 Farn.

240 2685 383 2736 Rott.
423 2687 596 2736 Oisel.
639 2687 841 2736 Thuan.
882 2685 1068 2736 Petav.
1110 2691 1234 2735 tert.
1271 2700 1340 2735 ιιι.
1379 2700 1460 2749 pr.
1498 2687 1628 2736 Exc.
1666 2687 1884 2736 Gevart.
1909 2688 1989 2735 ed.
2016 2688 2188 2736 Parm.
2213 2692 2266 2734 et
2283 2685 2462 2736 vicet.

241 2756 429 2801 ruerent
471 2751 619 2802 Prie.
658 2752 808 2800 ambo
848 2751 1040 2801 Moret.
1074 2750 1196 2801 Ald.
1231 2750 1419 2800 Sched.
1462 2750 1602 2800 Gud.
1658 2757 1853 2801 ruerant
1887 2752 1971 2800 vel
1997 2751 2196 2812 fuerant
2230 2750 2354 2798 Vat.
2381 2763 2460 2811 pr.

242 2815 389 2865 Voss.
416 2817 595 2867 Oxon.
621 2832 698 2879 pr.
721 2818 948 2867 Florent.
968 2816 1170 2877 fuerant
1194 2817 1273 2865 vel
1298 2820 1490 2865 ruerent
1512 2816 1644 2879 Reg.
1694 2818 1853 2866 mandi
1875 2818 2022 2866 Med.
2047 2819 2319 2865 sem—3⁷4
2352 2813 2463 2864 Hoc

240 2880 434 2933 Moret.
461 2884 548 2947 pr.
603 2883 738 2931 Hinc
760 2883 907 2932 Rott.
933 2882 1063 2945 Reg.
1117 2882 1169 2930 in
1191 2887 1396 2945 tempore
1421 2881 1544 2932 Put.
1600 2882 1709 2931 hinc
1731 2883 1917 2934 Petav.
1941 2898 2047 2932 sec.
2104 2885 2211 2931 tuto
2236 2886 2461 2944 quatuor

241 2945 383 2997 Vatt.
412 2949 531 2997 Pal.
555 2949 709 2996 Farn.
732 2947 875 2996 Prie.
900 2948 1045 2998 Rott.
1070 2947 1232 2997 Oisel.
1286 2952 1416 2996 tutas
1438 2946 1619 2999 Ambr.
1643 2963 1748 2999 sec.
1768 2949 1894 3000 Var.
1918 2948 2022 2998 LL.
2047 2962 2075 2996 e
2097 2961 2257 3010 marg.
2282 2945 2461 2996 Parm.

243 3016 398 3062 —375
434 3028 596 3063 moras
616 3013 720 3062 inc.
744 3012 926 3065 Heius.
960 3014 1092 3063 Exc.
1126 3012 1351 3063 Lucens.
1392 3028 1473 3079 pr.
1527 3028 1677 3064 mores
1710 3014 1913 3064 Thalos.
1968 3018 2100 3064 tutas
2132 3011 2458 3062 moraeExc.

1245 3195 1459 3273 NOTAE

222 3376 225 3377 ⁷
307 3310 403 3359 370
444 3308 713 3379 Tigranen]
779 3307 1043 3359 Armeuiae
1095 3278 1315 3374 Regem,
1395 3317 1504 3360 tem
1527 3310 1820 3361 summovit.
2251 3330 2274 3369 a

230 3381 440 3434 ‘victum
482 3393 537 3434 et
571 3399 604 3435 a
643 3385 860 3435 Lucullo
897 3392 952 3436 et
992 3401 1024 3435 a
1061 3386 1316 3449 Pompeio
1469 3386 1635 3436 Vincla
1676 3383 1961 3448 Jugurthoe]
2016 3382 2171 3433 Hunc
2211 3381 2463 3432 Numida·

241 3462 459 3528 Magno.
522 3498 527 3503 -
1398 3477 1511 3512 rum
1535 3464 1730 3525 Regem
1764 3461 1965 3512 Marius
2007 3459 2159 3509 duxit
2196 3458 2248 3508 in
2282 3459 2462 3508 trium-

305 3541 551 3606 Armaqne
576 3541 745 3605 Ponti]
778 3541 931 3590 Bella
943 3540 1141 3590 tamdiu
1162 3545 1311 3603 gesta
1395 3540 1518 3603 pho.

242 3631 273 3673 a
307 3618 622 3668 Mithridate
655 3619 815 3669 Ponti
836 3618 1000 3682 Rege,
1022 3632 1175 3683 quem
1199 3623 1310 3669 tan·
1457 3620 1555 3666 3⁷2
1574 3614 1774 3678 Persen]
1788 3616 1984 3678 Regem
2003 3611 2352 3672 Macedoniae,
2371 3609 2463 3660 de·

241 3693 355 3763 dem
381 3696 668 3760 Pompeius
694 3697 917 3760 Magnus
940 3695 1223 3760 superavit.
1393 3694 1586 3744 victum
1634 3693 1699 3743 ab
1744 3691 1969 3756 AEmilio‚
2013 3697 2069 3741 et
2102 3691 2155 3740 in
2201 3689 2460 3755 triumpho

304 3775 399 3821 371
441 3771 704 3836 Pyrrham]
739 3773 942 3837 Regem
962 3773 1314 3836 Epirotarum,
1394 3772 1625 3823 ductum.

240 3862 268 3895 a
310 3849 556 3899 Fabricio
596 3848 843 3913 fugatum.
931 3842 1030 3899 Ille
1079 3849 1311 3915 Pyrrhus
1458 3847 1762 3913 Philippum]
1792 3847 2047 3898 Demetrii
2069 3845 2247 3910 filium,
2264 3846 2462 3909 Regem

190 3916 197 3920 ⁴
239 3925 399 3986 periit
437 3926 547 3975 ictu
593 3928 786 3991 tegulae
828 3942 859 3977 a
883 3926 1096 3977 foemina
1126 3927 1312 3992 jactae,
1393 3926 1741 3987 Macedoniae,
1779 3931 1835 3975 et
1857 3940 1888 3975 a
1928 3923 2126 3976 Levino
2151 3923 2372 3974 Consule
2404 3928 2463 3973 et

240 4013 357 4050 cum
383 4000 555 4064 Argos
575 4002 817 4064 cepisset.
1393 4019 1425 4053 a
1449 4004 1647 4055 Quinto
1669 4004 1921 4054 Flaminio
1947 4005 2161 4053 victum.

302 4076 554 4141 Antiochi]
589 4078 775 4129 Plures
793 4078 942 4142 hujus
960 4078 1178 4129 nominis
1200 4078 1310 4129 fue·
1456 4084 1553 4130 874
1576 4079 1747 4130 Stabat
1771 4082 1986 4130 Romana
2007 4079 2158 4143 salas]
2195 4079 2330 4131 Nam
2354 4078 2463 4129 Gil-

239 4158 381 4215 runt‚
405 4153 500 4202 sed
525 4154 662 4204 hunc
695 4155 868 4219 Scipio
897 4154 1177 4220 Asiaticus,
1210 4156 1311 4207 fra·
1392 4157 1461 4206 do
1484 4157 1743 4220 potuisset
1766 4157 1986 4207 Romam
2007 4155 2145 4206 fame
2167 4155 2423 4207 conficere
2444 4171 2459 4216 ς

239 4234 322 4278 tre
346 4236 477 4280 natu
496 4230 691 4295 majore
706 4231 935 4297 adjutus,
957 4232 1143 4297 majori
1166 4235 1311 4298 regni
1391 4240 1447 4284 et
1470 4233 1569 4283 nisi
1590 4234 1810 4284 Stilicho
1844 4232 2097 4298 promtius
2126 4233 2355 4298 vicisset,
2374 4231 2459 4282 vel

239 4312 393 4368 parte
416 4308 680 4374 spoliavit,
694 4315 747 4358 et
770 4309 910 4359 ultra
924 4309 1156 4362 Taurum
1173 4325 1312 4363 mon·
1389 4309 1529 4363 fame
1557 4312 1721 4363 Roma
1745 4311 1885 4364 victa
1904 4308 2101 4363 fuisset.
