2925 4928
432 398 569 467 m

1119 417 1239 468 GL.
1285 410 1486 467 cusu
1496 418 1713 468 uum
1760 420 1952 472 XV'H.

435 564 687 644 Iaictor,
717 571 785 632 et
811 566 878 630 in
906 563 1145 631 mediis
1180 563 1434 630 Consul
1465 566 1792 650 quaesitus
1822 569 2088 634 aratris.

435 669 538 736 Te
573 688 839 755 quoque
867 668 1147 734 Naturae
1178 669 1393 735 sacris
1419 670 1791 756 mundique
1820 677 2194 751 vacantem,

2572 676 2650 740 ΙΟ

434 772 803 838 Emeritam
833 773 1119 858 pridem,
1150 773 1627 859 desudatisque
1654 788 1979 839 remotum

435 875 755 954 Judiciis‚
788 875 1025 940 eadem
1054 896 1282 941 rursus
1311 879 1677 962 complexa
1703 883 2003 962 potestas

438 979 700 1057 Evehit‚
729 985 799 1046 et
827 980 1132 1046 reducem
1160 982 1344 1046 notis
1372 981 1652 1064 imponit
1675 981 1983 1045 habenis.

436 1080 800 1148 Accedunt
828 1085 1095 1150 trabeae.

1185 1083 1310 1148 Nil
1325 1085 1491 1169 jam,
1523 1082 1893 1162 Theodoro,
1925 1082 2248 1163 relictum,

439 1182 595 1264 Quo
624 1187 832 1252 virtus
862 1187 1084 1251 animo
1116 1191 1395 1265 crescat,
1423 1185 1533 1249 vel
1563 1186 1874 1271 splendor
1901 1187 2168 1253 honore.

2569 1189 2659 1257 15

440 1286 714 1352 Culmen
742 1292 1093 1372 utrumque
1125 1297 1327 1354 tenes·
1415 1288 1651 1353 Talem
1680 1293 1744 1353 te
1771 1290 2073 1376 protinus
2101 1292 2263 1357 anni

440 1388 847 1456 Formavere
877 1392 1097 1472 rudeS,
1120 1399 1191 1456 et
1216 1391 1487 1475 dignum
1516 1392 1664 1458 vita
1691 1393 1905 1458 curuli

435 1571 526 1635 vit,
544 1578 592 1622 et
619 1573 794 1623 Consul
814 1575 1068 1624 accersitus
1087 1575 1146 1625 ab
1169 1580 1333 1625 aratro
1354 1574 1483 1639 ipso:
1527 1591 1739 1640 purpura
1759 1577 1921 1626 eadem
1941 1577 2115 1627 iterum
2135 1576 2331 1639 cingens
2370 1581 2424 1628 te
2464 1577 2665 1630 extollit

436 1638 601 1700 etiarn,
623 1644 669 1688 et
691 1639 845 1689 tradit
861 1645 909 1689 te
925 1642 1198 1691 redeuntem
1218 1640 1406 1703 cognito
1426 1642 1655 1704 regimini
1673 1658 1694 1701 ,-
1745 1648 1800 1690 te
1820 1647 2095 1705 occupatum
2115 1642 2167 1691 in
2190 1642 2377 1692 meanis
2396 1648 2589 1693 Μίνω
2611 1648 2663 1693 et

437 1703 632 1765 Mundi,
653 1703 923 1764 defunctum
941 1706 1106 1770 officiis
1129 1707 1434 1769 jamdudum,
1451 1712 1500 1756 et
1521 1709 1811 1757 recedentem
1834 1722 1865 1756 a
1890 1707 2060 1771 omia,
2080 1708 2133 1756 in
2152 1706 2246 1785 qud
2262 1708 2478 1757 sudasti:
2509 1710 2669 1759 vedis

440 1768 738 1818 Consularis
758 1771 984 1833 adjicitur
1006 1770 1120 1821 tibi.

1187 1772 1330 1820 Nihil
1353 1771 1480 1835 jam,
1516 1787 1547 1821 o
1587 1772 1838 1834 Theodore,
1860 1774 2006 1834 deest,
2043 1788 2131 1836 quo
2166 1778 2315 1821 tar-tus
2347 1777 2586 1835 augeatur
2608 1774 2667 1823 in

439 1833 594 1882 animo
616 1841 724 1895 tuo,
739 1840 823 1883 unt
835 1836 990 1898 gloria
1006 1843 1097 1887 tua
1112 1837 1489 1899 magistratibus.
1526 1837 1574 1888 Ο
1593 1838 1881 1899 Theodore,
1897 1838 2111 1899 attigisti
2115 1838 2380 1900 fastigium
2393 1838 2668 1902 utrinque,

438 1897 651 1949 virtutis
691 1906 747 1949 et
785 1901 1000 1964 gloriae:
1047 1907 1165 1951 «τίω
1198 1908 1362 1953 tenera
1393 1903 1505 1952 tulit
1540 1906 1589 1951 te
1621 1903 1789 1952 statim
1828 1904 2004 1962 ἐπιθυ,-
2056 1907 2104 1952 et
2134 1905 2235 1953 vitu
2256 1910 2349 1953 tua
2369 1904 2554 1955 institit
2579 1904 2669 1954 via

1366 2039 1543 2059 ‘NOOO
1550 2040 1604 2059 ‘O
1608 2039 1723 2059 ‘On

438 2139 520 2187 pr.
551 2123 705 2183 ujure
728 2124 921 2175 Moret.
945 2140 1049 2176 sec.
1081 2142 1198 2191 rupe
1215 2127 1342 2178 Var.
1370 2128 1475 2179 Lu.
1501 2127 1586 2177 ed.
1612 2126 1771 2177 Autv.
1805 2124 2033 2190 quesitus
2058 2124 2235 2173 Consul
2250 2122 2375 2173 Vat.
2398 2136 2479 2185 pr.
2502 2120 2660 2172 Med·

441 2195 566 2238 tert.
589 2191 723 2253 Reg.
742 2190 938 2241 Thuan.
960 2192 1109 2241 Leid.
1132 2207 1210 2256 pr.
1250 2191 1425 2244 Oxou.
1461 2208 1543 2256 pr.
1568 2195 1690 2242 Vat.
1712 2191 1884 2241 Liviu.
1920 2192 2021 2240 inc.
2057 2189 2241 2239 Heins.
2275 2189 2403 2237 Exc.
2434 2188 2670 2237 Lucens-

801 2256 1025 2318 quoesius
1044 2263 1264 2322 quatuor
1283 2260 1430 2308 Vatt.
1455 2258 1573 2309 Pal.
1599 2258 1753 2308 Farn.
1778 2255 1922 2306 Prie.
1948 2256 2098 2305 Rott.
2125 2254 2284 2304 Oisek
2343 2252 2504 2301 arenis
2527 2253 2669 2302 Exc.

440 2320 726 2368 Voss.—10
757 2322 905 2369 sacr-is
924 2321 1008 2370 vel
1029 2322 1173 2371 certis
1195 2322 1318 2374 Vat.
1341 2327 1641 2387 quam—ll
1678 2323 1762 2372 hie
1800 2336 1979 2370 versus
2018 2321 2067 2368 in
2104 2320 2295 2369 Petav.
2327 2333 2407 2382 pr.
2442 2317 2672 2381 margini

439 2384 696 2447 ascriptus
719 2390 852 2435 erat.
891 2386 1063 2450 primis
1085 2400 1180 2450 pro
1198 2387 1384 2450 pridem
1402 2389 1523 2437 Vat.
1546 2388 1711 2453 quint.
1745 2385 2085 2449 dismdatisque
2107 2385 2232 2433 Var.
2255 2384 2361 2433 LL.
2386 2383 2472 2432 ed.
2498 2380 2672 2459 AntV.

440 2450 679 2500 desudatis
710 2466 767 2500 ue
789 2451 871 2501 vel
895 2451 1226 2516 debellatisque
1249 2451 1423 2504 Oxon.
1448 2468 1555 2504 sec.
1589 2452 1786 2503 removit
1810 2453 2085 2501 Rota—12
2117 2448 2330 2500 audictis
2348 2447 2475 2497 Vat.
2493 2447 2674 2503 Livin-

441 2514 644 2564 Indieiis
711 2521 811 2566 ott.
833 2516 958 2566 ΑΜ.
994 2517 1163 2568 Colin.
1200 2517 1333 2568 Exc.
1373 2518 1506 2569 Cod.
1546 2519 1730 2568 Rhem.
1794 2531 1958 2567 rursus
1993 2530 2169 2565 omnes
2201 2515 2349 2564 Vatt.
2373 2512 2490 2562 Pal.
2518 2512 2671 2577 Prie.

441 2580 590 2630 Rott.
655 2596 842 2631 rursum
876 2581 1021 2633 Leid.
1051 2597 1132 2647 pr.
1169 2589 1225 2633 et
1250 2583 1491 2634 undecim
1516 2584 1622 2647 alii,
1644 2584 1772 2633 Exc.
1793 2583 2012 2632 Lucens.
2036 2584 2267 2630 see—13
2307 2579 2491 2627 Evelmt
2532 2579 2672 2628 Exc.

439 2643 595 2695 Voss.
628 2662 685 2696 ae
704 2649 918 2697 reducem
941 2647 1067 2699 Vat.
1090 2647 1258 2713 quint.
1302 2649 1426 2698 votis
1448 2648 1614 2699 Oisel.
1662 2648 1863 2712 impellit
1883 2647 2008 2696 Var.
2031 2646 2136 2696 LL.
2160 2644 2245 2694 ed.
2265 2645 2423 2695 Antv.
2473 2643 2675 2692 harenis

438 2710 775 2762 'I'holos.—16
814 2712 952 2769 Quod
974 2712 1159 2764 Ambr.
1183 2729 1262 2778 pr.
1315 2715 1378 2765 In
1398 2730 1490 2780 quo
1507 2715 1662 2763 animo
1684 2713 1849 2763 Virtus
1870 2712 1971 2761 duo
1996 2711 2147 2760 Vatt.
2194 2711 2248 2758 in
2270 2724 2348 2758 ore
2373 2723 2467 2771 pro
2490 2708 2673 2758 honore

440 2776 718 2827 Pric.—16
745 2780 992 2843 proximus
1007 2778 1122 2829 anni
1156 2779 1305 2832 Leid.
1327 2784 1542 2845 pr.—l‘1
1579 2779 1863 2830 For-mutere
1896 2778 1981 2828 vel
2025 2776 2296 2826 Fir-movere
2329 2774 2463 2838 Reg.
2488 2772 2671 2823 Oxou.
2742 2808 2747 2813 -

439 2268 545 2304 sec.
607 2255 782 2304 Consul

1438 2933 1653 2987 NOTAE

504 3043 539 3088 9
575 3040 774 3106 Consul]
815 3041 1057 3093 Quintius
1079 3042 1420 3094 Cincinnatus
1441 3043 1511 3094 ab

443 3127 617 3170 aratro
653 3118 722 3168 ad
754 3119 1083 3170 Dictaturam
1106 3121 1388 3172 accersitus
1409 3128 1511 3173 est.

442 3195 594 3247 Idem
620 3195 688 3246 de
717 3198 973 3247 Serrano:
1025 3197 1232 3263 qnidam
1253 3213 1372 3249 eum
1393 3212 1513 3248 cum

442 3273 753 3324 Cincinnato
781 3274 1123 3327 confundunt.

509 3355 572 3400 10
613 3351 891 3418 vacantem]
935 3353 1241 3404 Theodorus
1264 3359 1380 3404 erat
1399 3368 1513 3403 ver-

442 3434 585 3478 satus
618 3428 671 3477 in
694 3428 1048 3494 Philosophia,
1069 3430 1391 3494 Geometria,
1413 3429 1514 3480 As-

443 3504 703 3567 trologia3
748 3504 839 3555 sed
879 3506 932 3555 in
967 3505 1121 3556 rebus
1157 3505 1398 3570 gerendis
1422 3506 1515 3556 mi-

440 3595 537 3631 nus
560 3581 698 3632 forte
721 3581 823 3632 fuit
844 3582 1005 3632 felix:
1041 3584 1179 3633 unde
1197 3583 1514 3634 Claudianus

443 3659 603 3721 paulo
626 3665 747 3721 post
782 3659 833 3707 iu
872 3674 990 3709 eum
1015 3660 1223 3724 scripsit
1241 3660 1515 3725 Epigram-

443 3748 544 3797 ma,
567 3734 698 3784 et‘S.
722 3733 1049 3798 Augustinus
1073 3735 1218 3786 dolet
1240 3751 1298 3787 se
1338 3736 1404 3786 ad
1435 3737 1515 3801 ip-

442 3824 572 3873 sum,
611 3810 802 3860 librum
840 3812 1129 3877 scripsisse,
1170 3820 1227 3863 et
1276 3813 1514 3879 quamvis

444 3887 602 3939 docto
640 3903 703 3938 ac
736 3890 1031 3940 Christiano
1051 3890 1181 3956 viro,
1214 3892 1330 3957 plus
1354 3891 1513 3941 tribu-

444 3965 566 4028 isse,
586 3979 738 4030 quam
764 3965 1046 4017 debuisset.

513 4047 574 4094 11
622 4044 915 4108 Emeritam]
979 4045 1300 4097 Defunctum
1337 4044 1516 4097 officiis

445 4121 663 4185 militias,
683 4129 737 4172 et
762 4130 996 4186 armatae,
1018 4131 1076 4174 et
1097 4131 1306 4188 togstae.
1347 4146 1351 4150 ·

511 4199 795 4263 Desudatis]
860 4200 1136 4251 Remotum
1175 4216 1208 4251 a
1243 4200 1378 4264 foro,
1400 4205 1456 4251 et
1482 4215 1518 4250 a

438 4275 656 4340 judiciis
688 4274 936 4343 ferendis,
969 4276 1026 4328 in
1063 4278 1249 4344 quibus
1293 4279 1517 4330 multum

448 4353 734 4410 desudasti.

1659 3046 1722 3092 12
1758 3038 2000 3104 Potestas]
2064 3039 2216 3091 Idem
2249 3037 2596 3102 Magistratus
2616 3041 2673 3088 te

1591 3136 1685 3172 sua
1706 3135 1939 3185 purpura
1960 3118 2346 3183 complectitur.

1658 3203 1720 3249 1³
1757 3194 2017 3260 Reducem]
2080 3195 2408 3247 Redeuntem
2452 3209 2521 3243 ex
2564 3193 2673 3247 alio

1593 3273 1716 3324 vitoe
1739 3272 2012 3334 instituto;
2061 3285 2129 3321 ex
2168 3285 2377 3322 recessu
2411 3270 2480 3321 ad
2510 3270 2676 3321 Sena·

1593 3359 1898 3493 ωΙΙυίοαὺσπίε]
1928 3424 2176 3476 Potestas
2193 3423 2290 3473 tibi
2311 3422 2541 3473 habenas
2562 3429 2673 3473 tra-

1595 3505 1692 3567 dit,
1715 3505 1815 3554 hoc
1839 3508 1940 3567 est,
1962 3503 2190 3566 regimen
2227 3515 2317 3549 seu
2341 3499 2674 3550 administra·

1594 3582 1791 3632 tionem
1814 3580 2131 3644 reipublicae.

1659 3663 1725 3708 16
1760 3656 1948 3719 Talem]
2011 3656 2149 3706 Talis
2172 3669 2289 3704 eras
2311 3655 2396 3702 vel
2433 3668 2466 3702 a
2500 3651 2675 3716 prima

1595 3735 1844 3802 pueritia,
1878 3734 1974 3783 hoc
2012 3739 2097 3783 est
2134 3733 2315 3797 plenus
2348 3730 2573 3794 virtute,
2614 3736 2674 3780 et

1594 3814 1781 3878 diguus
1805 3811 1986 3875 gloria.

1660 3890 1793 3940 Anni
1811 3887 1974 3950 rudes]
2029 3884 2418 3947 Adolescentia,
2456 3896 2576 3948 qnae
2615 3883 2672 3932 in

1595 3966 1709 4016 aliis
1732 3971 1815 4016 est
1839 3972 1966 4015 aetas
1990 3962 2129 4013 rudis
2150 3968 2207 4012 et
2229 3961 2486 4025 imperita.

1661 4049 1723 4095 17
1759 4040 1954 4106 omli]
2019 4041 2159 4091 Sella
2181 4040 2430 4102 eburnea,
2455 4050 2558 4104 qua
2577 4038 2672 4088 Se-

1595 4129 1804 4173 natores
1858 4120 2196 4171 vehebantur.
2291 4117 2398 4168 Hie
2453 4116 2675 4180 ponitur

1595 4215 1693 4266 pro
1731 4196 2006 4251 senatoria
2046 4195 2131 4248 vel
2175 4193 2449 4246 Consulari
2497 4191 2670 4257 digni-

1596 4283 1729 4329 tute.
