2925 4928
812 376 894 427 ιιι
943 376 997 427 1.
1043 370 1255 428 coNS.
1304 373 1628 425 S'rlnlou.
1676 374 1823 424 ΜΒ.
1873 374 1921 421 1.
2335 356 2469 440 6053

243 509 535 597 ‘Evitare
564 524 806 592 dolos?
852 528 1108 591 veteres
1135 521 1396 588 firmare
1428 521 1761 599 cohorteS‚

264 632 634 719 Explorare
661 630 931 695 novas?
978 628 1289 714 duplices
1319 628 1677 712 disponere
1704 625 1984 703 classeS,

263 734 435 815 Quae
458 735 676 819 fruges
698 733 814 799 >vel
842 733 1019 797 bella
1044 732 1254 797 ferant
1274 734 1304 796 't
1352 731 1657 814 aulaeque
1687 728 2069 806 tumultum,

263 838 351 905 Et
380 838 618 903 Romae
657 838 861 902 lenire
889 836 1180 902 famem?
1227 835 1415 915 Quot
1444 836 1616 899 nube
1648 831 1909 917 soporis
1950 905 1954 908 Α

263 941 594 1007 Immunes
625 939 832 1020 oculi,
862 960 983 1024 per
1012 945 1113 1005 tot
1141 939 1509 1005 discurrere
1534 943 1780 1022 parteS‚
1901 1005 1904 1008 Α
2334 933 2464 999 310

198 1087 208 1108 .
260 1044 395 1111 Tot
417 1044 570 1109 loca
596 1042 997 1121 sufficerent,
1028 1047 1254 1107 ettam
1282 1041 1647 1124 longinqua
1672 1039 1882 1105 tueri?

260 1144 512 1229 Argum
541 1147 936 1212 fama-canit
966 1153 1245 1212 centeno
1273 1144 1549 1223 lumine,
1581 1149 1844 1208 centum

260 1246 576 1333 Corporis
609 1249 918 1315 excubiis
947 1268 1142 1313 unam
1172 1267 1475 1313 servasse
1510 1246 1896 1331 juvencam.

261 1349 452 1416 Unde
482 1355 584 1424 tot,
612 1351 837 1416 allatae
879 1356 1133 1434 segetes
1162 1352 1191 1413 ’ἱ
1239 1349 1414 1429 Quae
1449 1350 1644 1433 sylva
1673 1349 1941 1413 carinas

261 1452 559 1520 Texuit?
606 1454 782 1517 unde
808 1452 994 1518 rudis
1027 1459 1215 1517 tanto
1246 1453 1454 1516 tirone
1488 1451 1809 1536 juventus
2339 1450 2471 1518 315

260 1640 468 1686 catervas
505 1636 745 1701 antiquas,
779 1636 1050 1700 conquirere
1082 1651 1243 1699 novas,
1263 1635 1499 1685 instruere
1519 1636 1685 1686 classes
1716 1638 1849 1701 duas,
1869 1652 1974 1701 quoe
1993 1638 2067 1686 vel
2086 1651 2145 1700 ap
2178 1639 2333 1685 artent
2356 1635 2473 1696 fru-

258 1705 479 1764 mantum,
501 1703 577 1751 vel
599 1708 870 1765 reportent
887 1700 1098 1753 milites?
1127 1701 1354 1763 mitigare
1385 1702 1550 1751 turbas
1570 1703 1726 1766 Auloe,
1735 1702 1918 1763 samem
1955 1702 2120 1751 Romoe
2136 1738 2150 1751 .
2197 1701 2325 1756 Quot
2348 1701 2472 1751 oculi

265 1772 477 1830 expertes
496 1766 676 1816 nebuloe
696 1768 847 1816 somni
863 1772 1050 1832 possent
1073 1766 1302 1816 cursitare
1316 1781 1405 1829 per
1434 1772 1508 1816 tot
1541 1769 1709 1833 officia,
1731 1772 1779 1816 et
1805 1782 1899 1831 per
1921 1771 1994 1816 tot
2018 1770 2138 1830 loca,
2156 1770 2203 1816 et
2221 1767 2467 1830 pervidere

257 1845 330 1891 res
360 1836 461 1880 tam
489 1830 736 1885 remotas?
783 1833 936 1882 Fama
973 1831 1206 1895 proedicat
1238 1831 1428 1894 Argum
1467 1834 1743 1895 praeditum
1775 1834 1920 1881 oculis
1948 1838 2151 1893 centum,
2188 1837 2235 1880 et
2256 1832 2471 1882 custodia

261 1900 448 1946 centena
487 1899 699 1961 corporis
741 1898 820 1946 sui
857 1898 1161 1948 custodivisse
1192 1911 1384 1946 vaccam
1405 1911 1565 1947 unam.
1640 1899 1776 1947 Unde
1809 1902 1881 1948 tot
1902 1897 2077 1960 fruges
2118 1898 2280 1947 allatoe
2314 1897 2470 1947 sunt?

263 1960 380 2017 Quoe
414 1964 549 2027 sylva
579 1964 788 2012 intexuit
830 1969 934 2011 tam
973 1963 1079 2013 cito
1117 1960 1298 2014 naves?
1353 1962 1487 2012 Unde
1506 1961 1733 2023 Juventus
1770 1964 2022 2028 inexperta
2066 1978 2183 2013 cum
2218 1967 2289 2012 tot
2323 1961 2469 2012 novis

1183 2073 1544 2095 “unum“

258 2165 366 2216 Pal.
386 2167 541 2217 Farn.
566 2166 708 2219 Prie.
742 2168 891 2220 Rott.
929 2170 1093 2220 Oisel.
1117 2170 1246 2220 Exc.
1287 2170 1442 2220 Laeti.
1475 2168 1704 2235 confidere
1725 2168 2035 2219 Pria—306
2068 2168 2140 2218 Et
2160 2167 2313 2218 vitare
2350 2167 2472 2219 Pal.

257 2232 449 2281 Thuan.
491 2232 619 2283 Jnn.
664 2242 720 2283 et
759 2234 907 2283 Med.
954 2250 1031 2297 pr.
1072 2234 1291 2295 formare
1334 2236 1657 2285 Fara-307
1691 2249 1834 2283 novos
1873 2235 2279 2297 Lovsexponere
2319 2232 2468 2283 Med.

259 2302 593 2361 quart.—-308
626 2314 728 2361 quoe
750 2298 869 2349 bella
895 2300 1086 2349 Moret.
1111 2315 1193 2364 pr.
1243 2304 1326 2348 aut
1363 2299 1482 2349 bella
1507 2301 1653 2349 Leid.
1677 2314 1754 2364 pr.
1784 2305 1840 2350 et
1877 2298 2102 2349 maxima
2140 2314 2259 2363 pars
2300 2298 2468 2349 Codd.

260 2361 384 2412 Exc.
406 2362 563 2424 Laeti,
589 2365 805 2415 Lucens.
828 2379 907 2429 ρι’.
928 2370 985 2414 et
1006 2366 1129 2415 Var.
1154 2365 1259 2415 LL.
1284 2380 1313 2414 e
1336 2380 1498 2428 marg.
1520 2366 1696 2414 Parm.
1734 2364 1905 2425 serunt
1925 2366 2127 2413 Thuan.
2151 2363 2316 2424 ferent
2339 2365 2468 2415 Exc.

261 2426 389 2477 Laeti
410 2435 465 2478 et
488 2428 575 2479 ed.
597 2429 772 2479 Vicet.
823 2434 997 2495 gerant
1023 2429 1168 2480 Med.
1193 2436 1364 2496 quart.
1418 2428 1608 2490 auferre
1630 2432 1881 2480 tumultum
1902 2430 2025 2481 Put.
2049 2430 2337 2481 Pan—309
2369 2429 2473 2479 Aut

265 2491 420 2541 Romae
443 2493 571 2545 Jnn.
595 2509 674 2557 pr.
710 2495 881 2544 Oxon.
903 2510 1008 2544 sec.
1066 2497 1138 2544 Et
1162 2497 1245 2544 vel
1278 2497 1381 2544 Aut
1420 2496 1559 2545 Prie.
1594 2510 1697 2559 quoe
1738 2496 1857 2544 nube
1880 2496 2013 2558 Reg.
2057 2497 2137 2558 qui
2175 2494 2341 2544 Oisel.
2366 2494 2470 2557 dno
2523 2536 2528 2541 .

258 2556 400 2606 Med.
423 2558 628 2609 Thuan.
664 2562 783 2623 quod
804 2561 924 2610 Vat.
950 2566 1070 2610 tert.
1104 2566 1212 2622 quot
1237 2562 1320 2609 vel
1343 2561 1421 2622 qui
1442 2561 1567 2608 Vat.
1594 2562 1761 2626 quint.
1787 2562 1917 2610 Exc.
1942 2561 2094 2609 Laeti.
2148 2559 2270 2609 nube
2289 2560 2472 2623 soporis

258 2622 377 2672 Vat.
402 2623 573 2675 Livin.
596 2633 697 2675 vet.
738 2626 869 2689 Gyr.
919 2626 1098 2688 saporis
1120 2626 1271 2674 Farn.
1296 2625 1382 2675 ed.
1419 2626 1594 2674 Vicet.
1628 2625 1825 2674 nubibus
1849 2624 1953 2688 apti
1987 2624 2107 2674 Pat.
2160 2624 2295 2674 nubis
2315 2625 2472 2687 aperti

258 2686 400 2737 Med.
428 2695 554 2738 tert.
579 2689 677 2738 inc.
716 2689 902 2739 Heins.
927 2690 1051 2740 Put.
1083 2691 1214 2752 Reg.
1253 2691 1440 2740 Petav.
1476 2705 1582 2740 sec.
1604 2689 1708 2738 duo
1749 2689 1924 2738 Ambr.
1962 2689 2087 2740 Var.
2113 2690 2216 2739 LL.
2254 2703 2284 2738 e
2306 2704 2470 2752 marg.

259 2750 427 2802 Parm.
452 2754 582 2804 item
607 2754 692 2804 ed.
715 2752 874 2805 Antv.
907 2756 1044 2804 nubis
1063 2760 1240 2818 opertoe
1283 2753 1460 2803 Ambr.
1490 2761 1612 2804 tert.
1646 2755 1764 2804 nube
1788 2754 1943 2818 aperti
1969 2755 2095 2804 Lov.
2120 2769 2187 2804 m.
2214 2769 2293 2819 pr.
2331 2754 2473 2803 nubis

258 2819 430 2879 apterti
451 2819 576 2870 Διά.
605 2819 745 2869 nubis
767 2821 923 2883 aperti
947 2821 1029 2869 vel
1060 2819 1179 2868 nube
1200 2821 1378 2882 soporis
1402 2820 1572 2869 Oxou.
1598 2824 1841 2883 pra—310
1866 2820 2154 2869 Immuneres
2174 2819 2319 2870 Med.
2343 2826 2470 2871 tert.

260 2883 398 2931 oculis
421 2884 606 2934 Ambr.
629 2900 706 2948 pr.
752 2900 840 2949 per
862 2891 973 2949 quot
1010 2885 1155 2934 Pric.
1205 2887 1326 2947 quod
1365 2885 1492 2934 Vat.
1537 2899 1612 2948 pr.
1649 2900 1717 2934 m.
1757 2899 1833 2948 pr.
1866 2884 2127 2934 discernere
2160 2885 2284 2935 Jun.
2323 2900 2473 2948 pr.—-
2539 2906 2541 2908 ’

260 2949 349 2997 311
390 2950 454 2996 Et
475 2951 577 2999 loca
601 2950 744 2999 Prie.
817 2950 944 2999 Tunc
965 2951 1062 2998 loca
1091 2952 1242 3000 Farn.
1292 2954 1362 2998 tot
1384 2950 1636 3013 longinqua
1660 2956 1766 3000 tres
1806 2950 1953 2999 Vatt.
1991 2950 2107 3001 Pal.
2144 2951 2296 3000 Farn.
2322 2951 2469 2999 Rott.

262 3010 382 3089 Ειμτ.
411 3014 566 3065 Laeti.
599 3021 698 3064 tam
720 3015 973 3078 longinqua
996 3013 1145 3064 Leid.
1170 3030 1251 3078 pr.
1277 3022 1333 3064 et
1374 3014 1628 3064 tredecim
1653 3015 1853 3080 scripti,
1885 3015 2014 3065 Exc.
2039 3016 2255 3065 Gevart.
2294 3020 2348 3063 et
2373 3016 2471 3068 Lux·

261 3090 394 3128 cens·
439 3085 713 3129 sem—312
746 3080 935 3129 numine
974 3081 1180 3129 cinctum
1222 3079 1406 3128 Petav.
1452 3095 1559 3129 sec.
1612 3095 1803 3144 corpore
1843 3085 2030 3129 centum
2065 3083 2190 3129 Var.
2237 3081 2342 3130 LL.
2383 3079 2469 3129 ed.

260 3139 414 3194 Antv.
445 3144 602 3193 cincto
623 3144 766 3193 Med.
802 3159 908 3194 sec.
933 3159 1001 3194 m.
1025 3159 1106 3208 pr.
1142 3150 1326 3194 centum
1360 3145 1557 3194 Moret.
1602 3159 1681 3208 pr.
1706 3146 1829 3196 Vat.
1862 3146 2031 3195 Livio.
2064 3147 2273 3195 cinctum
2294 3159 2472 3194 omnes

260 3205 403 3258 Vatt.
435 3209 553 3258 Pal.
578 3210 733 3258 Farn.
765 3209 910 3258 Pric.
932 3211 1081 3259 Rott.
1106 3208 1271 3259 Oisel.
1307 3211 1435 3259 Exc.
1462 3209 1775 3261 Lana—313
1798 3225 1984 3260 servare
2005 3211 2367 3260 Mazara—314
2385 3213 2471 3259 ad·

261 3271 368 3320 latae
391 3274 520 3337 Reg.
553 3274 703 3323 inatoe
725 3274 809 3322 ed.
845 3273 1017 3324 Vicet.
1051 3275 1192 3323 alatoe
1216 3276 1368 3323 Farn.
1413 3273 1587 3323 ablatae
1624 3273 1809 3327 Ambr.
1842 3290 1925 3338 pr.
1956 3276 2078 3324 Vat.
2105 3276 2267 3339 quint.
2308 3275 2468 3323 allatae

262 3336 488 3388 Florent.
513 3346 737 3403 quatuor
772 3339 918 3388 Med.
959 3340 1083 3389 Put.
1118 3340 1314 3388 Thuan.
1353 3339 1553 3387 Mazar.
1592 3343 1699 3388 tres
1740 3340 1928 3390 Petav.
1949 3338 2125 3401 fruges
2168 3339 2361 3388 Moret.
2387 3354 2467 3402 pr.

261 3406 437 3462 segetes
457 3405 540 3453 vel
553 3403 729 3464 fruges
751 3403 922 3453 Oxou.
948 3418 1028 3466 pr.
1061 3404 1193 3452 salva
1208 3400 1386 3452 carinae
1409 3403 1699 3465 Pan—315
1737 3405 1941 3452 Extruit
1961 3405 2109 3453 Rott.
2128 3405 2323 3453 Mazar.
2341 3404 2469 3453 Exc.

265 3466 389 3516 Cod.
418 3469 602 3519 Rhem.
637 3468 839 3518 Excidit
863 3470 1058 3519 Moret.
1099 3483 1177 3532 pr.
1212 3468 1369 3517 Exuit
1402 3468 1579 3519 Oxon.
1616 3482 1721 3519 sec.
1783 3469 1979 3519 Texerit
2007 3468 2122 3518 Pal.
2166 3469 2359 3518 Texerit
2386 3467 2468 3518 vel

1261 3582 1474 3634 NOTAE

247 3702 252 3707 ·
323 3683 418 3730 308
459 3681 549 3731 Vel
569 3682 686 3732 bella
704 3682 899 3747 serant]
964 3682 1163 3733 Classes
1206 3697 1323 3747 quae
1405 3697 1539 3732 none
1562 3688 1738 3733 custos
1771 3681 1918 3732 datus
1941 3687 2024 3731 est
2046 3680 2107 3730 Io
2144 3679 2323 3729 Inachi
2345 3678 2466 3731 ffliae

265 3767 327 3805 ex
369 3756 549 3809 Africa
587 3766 876 3822 apportent
914 3758 1230 3809 frumentum
1268 3761 1322 3808 in
1403 3759 1457 3807 in
1484 3761 1669 3809 bovem
1712 3763 2064 3809 commutatae.
2130 3757 2287 3805 Hunc
2328 3757 2468 3806 Mer·

265 3833 487 3899 Italiam,
531 3843 589 3886 et
627 3851 694 3885 ex
735 3836 893 3886 Italia
932 3842 1216 3900 exportent
1266 3835 1323 3884 in
1403 3836 1576 3885 curius
1616 3834 1828 3894 occidit,
1853 3841 1908 3884 at
1950 3835 2091 3886 Juno
2133 3834 2313 3882 oculos
2352 3833 2466 3897 eJus

265 3908 496 3961 Africam
541 3928 642 3962 non
686 3913 845 3977 bella,
891 3913 983 3963 sed
1023 3913 1216 3963 milites
1254 3912 1321 3963 ad
1401 3914 1628 3963 Pavonis
1663 3913 1741 3962 sui
1764 3913 1947 3963 caudae
1988 3911 2224 3962 inseruit.
2274 3907 2468 3975 'Argus

263 3983 397 4036 bella
415 3986 672 4038 facienda.
1205 4046 1209 4050 J
1401 3997 1487 4040 est
1530 3991 1732 4053 sphaera
1773 3987 2222 4053 stellifera‚quam
2260 3989 2468 4038 Mercu-

326 4061 463 4113 Anloe
483 4066 759 4130 tumultum]
795 4064 1085 4116 Seditiones
1107 4072 1161 4116 et
1177 4065 1322 4116 dissi·
1402 4067 1508 4116 rius
1543 4081 1635 4116 seu
1655 4067 1744 4116 Sol
1782 4066 2062 4115 obscurare
2086 4072 2142 4114 et
2159 4066 2468 4130 extInguere

262 4134 348 4186 dia
384 4139 524 4201 inter
545 4140 758 4190 Arcadii
784 4143 1108 4210 Honor-iique
1123 4151 1320 4208 partes.
1401 4143 1629 4192 videtur.

327 4218 421 4265 812
438 4217 647 4283 Argum]
673 4219 776 4269 Hic
794 4219 926 4269 filius
941 4227 1052 4270 erat
1070 4221 1283 4272 Actoris
1304 4237 1319 4282 3
1473 4222 1678 4270 Centeno
1699 4221 1893 4283 lumine,
1912 4225 2095 4270 centum
2109 4219 2344 4283 excubiis]
2399 4217 2465 4268 Id

271 4294 404 4342 totus
428 4295 666 4347 scatebat
679 4295 842 4347 oculis
865 4313 880 4360 ς
902 4312 934 4346 a
954 4297 1195 4364 zelotypa
1230 4298 1325 4350 Ju-
1405 4305 1509 4364 est,
1524 4305 1732 4351 centum
1756 4298 1917 4351 oculis
1940 4297 2329 4363 excubantibus.
2385 4325 2396 4336 ·
