2925 4928
2337 417 2469 491 579

808 438 889 486 IN
941 437 992 486 1.
1039 434 1250 485 coNS.
1299 435 1626 486 sumen.
1674 435 1822 485 mn.
1869 439 1920 489 1.

277 587 446 651 Tuta
474 584 653 668 quod
679 583 1013 648 imbellem
1040 582 1567 649 miratur-Gallia
1593 579 1924 651 Rhenum}

275 689 693 773 ‘An'gelidam
710 687 1032 752 ‘Thracen
1062 685 1573 771 decertatosque
1613 683 1898 764 laboreS,

279 793 507 857 Hebro
533 798 727 867 teste,
756 791 1047 854 canam?
1094 809 1403 874 magnum
1429 789 1593 856 mihi
1619 791 2205 876 panditurfaequor,

277 895 571 980 Ipsaque
604 896 862 959 Pierios
891 896 1145 958 lassant
1169 895 1494 977 proclivia
1523 915 1751 960 currus

278 999 620 1063 Laudibus
649 999 1044 1062 innumeris:
1078 996 1335 1061 etenim
1364 994 1754 1064 mortalibus
1779 1018 1870 1064 ex
1900 1018 2046 1083 quo-

277 1100 503 1167 Tellus
533 1107 766 1184 coepta
795 1100 951 1177 coli,
981 1119 1313 1182 nunquam
1343 1101 1605 1165 sincera
1633 1103 1956 1165 bonorum

270 1201 435 1269 Sors
464 1206 590 1270 ulli
621 1219 949 1270 concessa
976 1205 1141 1268 viro.
1230 1202 1451 1281 Quem
1479 1206 1700 1269 vultus
1729 1205 2058 1281 honestat,

279 1306 698 1372 Dedecorant
724 1325 983 1371 mores:
1031 1307 1297 1370 animus
1328 1323 1527 1390 quem
1555 1307 1898 1389 pulchrior
1927 1312 2136 1384 ornat,

277 1409 536 1494 Corpus
568 1410 897 1474 destituit:
945 1409 1136 1473 bellis
1165 1409 1481 1491 insignior
1504 1410 1644 1487 ille,

2373 1100 2474 1202 ¹25

268 1596 421 1655 pescat
451 1591 663 1639 Rhenum
684 1591 921 1638 inermem.
988 1588 1070 1638 An
1088 1590 1284 1638 cantabo
1305 1590 1554 1641 Thraciam
1576 1590 1837 1653 frigidam,
1858 1595 1904 1639 et
1926 1591 2104 1640 labores
2124 1592 2375 1640 exhaustos
2410 1591 2484 1640 ad·

273 1658 397 1719 ripas
418 1653 614 1705 Hebri?
648 1657 934 1704 Immensum
954 1669 1082 1703 mare
1105 1655 1320 1717 aperitur
1340 1655 1478 1714 mihi,
1500 1660 1545 1704 et
1567 1657 1669 1719 ipsa
1699 1655 1835 1704 facta
1856 1672 2003 1718 prona
2025 1657 2157 1704 mole
2181 1671 2234 1705 se
2258 1655 2479 1704 offeren-

268 1723 347 1791 ‘tia
355 1720 577 1782 fatigant
599 1721 766 1781 elogiis
787 1719 1196 1768 innumerabilibus
1229 1735 1396 1769 currus
1419 1722 1681 1772 Musarum.
1748 1723 1878 1770 Nam
1899 1737 1960 1770 ex
1978 1737 2065 1783 quo
2090 1729 2325 1783 tempore
2347 1726 2479 1771 terra

274 1786 411 1850 eoepit
444 1786 656 1835 habitari
691 1785 755 1834 ab
790 1784 1067 1845 hominibus,
1109 1800 1343 1848 nunquam
1369 1787 1515 1834 series
1549 1787 1853 1835 immaculata
1893 1787 2074 1834 dotium
2115 1789 2228 1835 data
2261 1793 2343 1835 est
2375 1788 2478 1834 viro

270 1851 433 1901 eutem.
510 1851 643 1900 Vitia
676 1848 910 1910 infamant
952 1850 1111 1910 illum,
1131 1866 1263 1913 quem
1293 1851 1591 1913 pulchritudo
1613 1853 1929 1900 commendat:
1960 1867 2127 1915 corpus
2150 1852 2322 1899 deserit
2345 1865 2479 1912 eum,

270 1932 403 1980 quem
424 1918 611 1965 animus
627 1917 933 1981 praestantior
952 1915 1190 1964 illustrat.-
1225 1916 1304 1965 ille
1326 1922 1410 1965 est
1431 1917 1608 1966 clarior
1639 1916 1771 1980 bello,
1788 1919 1869 1966 sed
1887 1917 2175 1966 cmztaminat
2189 1932 2353 1980 pacem
2370 1932 2479 1979 pec-

1162 2068 1218 2089 ‘O
1224 2068 1519 2090 “O“OO‘OO

270 2165 334 2222 '20
367 2171 573 2220 miratur
590 2169 750 2232 gloria
770 2168 894 2217 Vat.
922 2183 1001 2232 pr.
1041 2184 1108 2218 m.
1149 2183 1230 2231 pr.
1277 2183 1453 2217 remum
1491 2169 1638 2219 Rott.
1694 2170 1929 2219 Parthum
1951 2170 2074 2219 Vat.
2095 2173 2218 2218 tert.
2244 2184 2309 2217 m.
2337 2183 2480 2231 pr.—

273 2239 333 2286 21
366 2239 469 2286 Aut
491 2235 615 2285 Jun.
637 2249 714 2296 pr.
737 2235 866 2282 ExC.
889 2233 1109 2282 Lucens,
1135 2248 1239 2282 sec.
1292 2234 1395 2282 Aut
1431 2236 1514 2282 vel
1552 2236 1631 2284 An
1673 2234 1845 2285 Oxon.
1869 2250 1947 2297 pr.
2003 2235 2227 2283 Thracem
2260 2240 2481 2297 quatuor

270 2304 413 2351 Vatt.
438 2302 554 2350 Pal.
592 2300 801 2347 Thracen
817 2298 942 2347 Put.
963 2298 1143 2348 Ambr.
1164 2305 1286 2358 tert.
1311 2299 1411 2349 inc.
1434 2299 1617 2350 Heius.
1643 2302 1773 2349 Exc.
1800 2300 1949 2359 Laeti,
1975 2306 2028 2347 et
2052 2298 2173 2351 Ald.
2207 2301 2482 2347 detestatos-

272 2382 356 2480 que
379 2368 460 2416 ed.
485 2365 661 2415 Vicet.
696 2364 876 2412 labores
899 2364 978 2411 vel
998 2364 1258 2426 triumphos
1281 2364 1476 2413 Moret.
1500 2370 1731 2415 sem—23
1766 2365 2011 2428 Lapsaque
2035 2365 2229 2414 Mazar.
2265 2364 2483 2411 Pierides

323 2438 391 2482 at.
424 2438 552 2482 tert.
594 2444 661 2478 m.
704 2444 783 2494 pr.
834 2430 1002 2478 laxant
1041 2429 1191 2479 Farn.
1235 2429 1365 2491 Reg.
1413 2430 1610 2479 declivia
1649 2430 1794 2479 Med.
1821 2430 2143 2480 sec.Thuan.
2185 2443 2343 2478 cursus
2367 2427 2481 2478 Pal.

272 2497 504 2547 Florent.
526 2495 669 2545 Med.
691 2510 780 2558 pr„
796 2502 895 2543 vet.
922 2495 1048 2557 Gyr.
1065 2509 1229 2543 currus
1243 2494 1389 2543 Med.
1416 2510 1521 2543 sec.
1548 2497 1729 2544 deerat
1747 2496 1829 2544 hic
1853 2496 2328 2543 versus'Rott.—24
2361 2508 2485 2554 equo

271 2560 552 2612 Rom-25
587 2576 800 2609 concessa
840 2559 1061 2607 bonorum
1098 2558 1232 2621 Reg.
1255 2559 1399 2608 Pric.
1451 2559 1661 2608 laborum
1697 2562 1816 2608 Vat.
1853 2561 2151 2623 qinon—26
2186 2559 2320 2605 Mors
2359 2558 2483 2605 Var.

272 2627 375 2677 LL.
401 2626 484 2677 ed.
524 2625 684 2674 Antv.
742 2626 869 2674 Pars
891 2625 989 2673 inc.
1029 2624 1210 2673 Heius.
1260 2624 1358 2671 alia
1391 2638 1484 2686 pro
1521 2625 1607 2673 ulli
1648 2623 1790 2672 Mea.
1831 2631 1999 2688 quart.
2050 2623 2134 2670 uni
2172 2619 2489 2684 conjiciebat

274 2691 453 2741 Heins.
489 2694 673 2740 sincera
695 2692 819 2753 Reg.
844 2690 983 2737 Prie.
1003 2690 1249 2738 honestant
1276 2688 1466 2736 Moret.
1495 2693 1702 2751 pr.—27
1731 2689 1796 2735 Et
1819 2690 2037 2736 decorant
2058 2687 2234 2735 Vicet.
2255 2687 2488 2748 plurimus

272 2756 385 2808 Pal.
412 2757 644 2806 Florent.
670 2755 812 2804 Med.
834 2769 914 2818 pr.
934 2753 1129 2802 Thnan.
1147 2754 1180 2803 J
1188 2767 1270 2802 un.
1290 2767 1365 2815 pr.
1410 2754 1644 2815 plurimus
1667 2754 1746 2801 vel
1767 2754 2007 2815 pulchrior
2024 2753 2165 2800 Prie.
2216 2756 2346 2798 ornet
2374 2751 2487 2800 Pac.

273 2827 401 2872 -28
434 2821 521 2872 illo
546 2822 667 2871 Pat.
708 2822 788 2869 ille
824 2824 894 2871 est,
932 2818 1083 2871 Leid.
1114 2822 1325 2882 pru—29
1353 2821 1540 2881 patrem
1561 2819 1755 2868 Moret.
1779 2833 1858 2883 pr.
1894 2818 1970 2866 hic
1991 2817 2180 2880 publica
2201 2817 2304 2865 duo
2335 2814 2484 2865 Med.

1279 2967 1499 3018 NOTAE

256 3112 265 3123 ·
337 3103 402 3148 20
437 3093 681 3146 Imbelle'm
703 3093 945 3157 Rhenum]
999 3093 1102 3145 Qui
1142 3092 1346 3142 solebat

275 3175 426 3230 bellis
446 3182 504 3224 et
543 3175 922 3224 Germanorum
959 3169 1233 3220 insultibus
1251 3184 1345 3220 sae·

274 3254 390 3318 pins
413 3251 674 3301 infestari.

276 3356 281 3359 -
338 3335 403 3380 21
441 3324 832 3389 Decertatosque]
880 3324 1108 3373 Labores
1130 3323 1345 3371 exhaus-

1495 3082 1695 3146 Currus]
1762 3083 1825 3132 Id
1867 3088 1964 3144 est,
2005 3081 2107 3130 vim
2146 3093 2346 3130 omnem
2388 3078 2495 3127 elo-

1426 3161 1654 3224 quentiae
1678 3160 1913 3210 Poeticae
1938 3158 2251 3207 exhauriunt
2272 3172 2284 3204 τ
2326 3156 2492 3204 Musis

1425 3252 1582 3300 porro
1612 3251 1793 3287 currus
1830 3244 1886 3285 et
1912 3236 2034 3299 equi
2075 3235 2389 3293 tribuuntur,
2422 3231 2490 3280 ob

1425 3316 1751 3363 celeritatem
1775 3313 1983 3376 ingenii.
2029 3344 2044 3357 2

274 3412 359 3456 tos
399 3406 454 3455 in
481 3403 798 3453 decertando
835 3409 888 3450 et
925 3400 976 3448 in
1015 3397 1346 3463 profligandis

277 3483 467 3534 Gothis
487 3481 553 3531 ad
577 3481 714 3543 ripas
733 3478 897 3526 Hebri
913 3476 1145 3524 Thraciae
1168 3473 1308 3523 fluvii
1330 3490 1345 3534 ς

272 3575 405 3624 ‚quos
430 3558 643 3624 quidem
666 3557 866 3606 Gothos
887 3552 1208 3602 Theodosius
1227 3551 1348 3599 dum

275 3637 540 3692 vinceret,
589 3639 899 3694 perpetuum
950 3629 1046 3677 sibi
1108 3628 1349 3676 comitem

277 3712 504 3762 habebat
531 3710 882 3759 Stilichonem.

343 3793 409 3839 22
448 3790 684 3849 Magnum
705 3782 887 3848 aequor]
936 3785 1126 3833 Vastus
1160 3781 1349 3830 oratio·

276 3865 363 3915 nis
380 3865 654 3927 laudisque
680 3876 888 3925 campus
911 3859 1164 3923 aperitur.

343 3947 410 3993 23
448 3940 714 4003 Proclicia]
751 3941 853 3987 Res
877 3954 906 3986 a
927 3937 1211 3987 Stilichone
1234 3949 1348 3999 ges-

279 4026 375 4083 tae,
400 4019 667 4069 turmatim
692 4025 748 4065 et
784 4017 925 4064 velut
958 4029 1123 4077 prona
1161 4012 1349 4076 procli-

278 4097 436 4161 vique
458 4112 569 4146 suae
594 4093 955 4158 magnitudinis
976 4093 1109 4141 mole
1134 4105 1190 4140 se
1215 4091 1350 4138 ultro

278 4172 591 4231 offerentes,
629 4171 855 4234 fatigant
894 4175 1213 4231 onerantque
1240 4180 1355 4214 cur-

282 4265 398 4300 rum
417 4251 712 4307 Musarum,
731 4263 845 4312 quae
869 4246 955 4296 vix
976 4244 1116 4293 ferre
1134 4247 1354 4307 possunt

282 4332 492 4378 tantum
518 4324 738 4390 pondus.

1491 3395 1553 3438 25
1590 3388 1810 3451 Sincera]
1852 3389 1973 3437 Siue
1999 3387 2217 3446 macula,
2241 3384 2350 3432 sine
2372 3383 2493 3433 vitio

1428 3467 1613 3530 aliquo.
1684 3467 1817 3514 Nam
1841 3479 1906 3512 ex
1932 3463 2173 3523 Horatio,
2205 3462 2219 3488 ‘
2241 3461 2386 3510 Nihil
2412 3465 2494 3510 est

1430 3545 1497 3593 ab
1522 3543 1657 3592 omni
1689 3544 1851 3591 Parte
1886 3541 2094 3590 beatum
2117 3539 2145 3588 :‘
2196 3540 2277 3587 Ex
2302 3537 2497 3598 Plinio,

1431 3621 1446 3648 ‘
1474 3621 1659 3683 Adhuc
1688 3634 1838 3668 nemo
1872 3618 2068 3678 extitit,
2089 3617 2237 3679 cujus
2273 3615 2494 3663 virtutes

1431 3699 1573 3747 nullo
1615 3697 1849 3745 vitiorum
1889 3693 2108 3743 confinio
2144 3688 2493 3740 laederentur!

1429 3774 1711 3832 HomeruS,
1723 3771 1868 3820 οὕτως
1881 3768 2174 3819 ceramum
2189 3766 2291 3815 θεὸς
2304 3763 2493 3829 χαρίεν,-

1426 3870 1491 3899 ‘ra
1523 3850 1737 3899 δίδωσινε
1779 3850 1890 3898 Non
1911 3849 1979 3897 sic
2002 3849 2134 3897 Deus
2153 3847 2240 3901 dat
2282 3842 2495 3892 omnibus

1427 3929 1583 3978 omnia
1604 3943 1813 3987 munera,
1835 3929 1918 3989 ἔμε.

1502 4010 1567 4054 28
1600 4003 1862 4065 Destituit]
1900 4002 2003 4053 Qui
2032 4000 2172 4048 valet
2189 3998 2375 4058 animo,
2396 3994 2501 4046 fre·

1438 4088 1661 4146 quenter
1684 4088 1862 4129 nactus
1889 4086 1972 4126 est
2007 4091 2193 4139 corpus
2232 4081 2323 4124 aut
2358 4072 2500 4123 infir·

1439 4174 1578 4209 mum
1601 4164 1693 4206 aut
1713 4154 1969 4205 deforme:
2021 4152 2139 4208 talis
2179 4149 2339 4200 fuisse
2370 4148 2500 4200 dici-

1431 4244 1521 4287 tur
1541 4235 1956 4300 Philopaemenes
1976 4230 2082 4281 dux
2111 4229 2433 4280 Graecorum.
