2925 4928
872 426 947 474 ns
1004 423 1446 474 Eu'rnoemn
1499 422 1643 471 ms.
1692 421 1746 471 ι.
2278 401 2413 468 461

208 570 649 664 Responsura
675 590 867 653 seges
882 573 912 635 ‘l
958 592 1109 655 quae
1138 575 1361 634 tantas
1389 569 1617 654 expiet
1642 569 1778 633 iras
1850 569 1853 572 ’

202 672 561 739 Victima?
609 694 743 758 quo
773 674 948 739 diras
968 674 1208 758 jugulo
1236 673 1661 756 placabimus
1689 689 1841 735 aras
1861 671 1897 733 'l

207 775 501 842 Consule
528 778 852 844 lustrandi
877 778 1129 855 ‘fasce5‚
1160 777 1444 860 ipsoque
1471 773 1789 839 litandum

207 878 566 960 Prodigio:
616 880 1084 963 quodcumque
1115 886 1358 963 parant
1380 879 1510 942 hoc
1541 877 1765 941 omine
1793 875 1956 951 fata,

209 978 578 1063 Eutropius
605 983 862 1047 cervice
887 982 1052 1046 luat.
1143 980 1260 1044 Sic
1292 981 1517 1044 omnia
1545 977 1761 1043 volvis
1778 978 1808 1040 'l

210 1080 367 1146 Hoc
395 1085 577 1165 regni
611 1084 905 1148 Fortuna
935 1086 1168 1160 tenes'l
1216 1103 1529 1167 quaenam
1558 1083 1690 1145 ista
1708 1079 1990 1163 jocandi

212 1185 549 1250 Saevitia?
595 1188 899 1251 humanis
926 1195 1250 1271 quantum
1279 1186 1689 1250 bacchabere
1714 1184 1967 1247 rebus'l

211 1285 284 1350 Si
311 1288 438 1352 tibi
471 1289 693 1354 servili
722 1290 979 1373 placuit
1004 1289 1257 1355 foedare
1275 1288 1551 1352 curules

2250 1167 2255 1168 ἢ
2323 1177 2414 1244 25

214 1481 331 1536 Quoe
367 1481 527 1530 hostia
562 1487 732 1543 purg-et
765 1489 950 1533 tantum
972 1484 1191 1545 furorem
1224 1481 1473 1535 Deorum?
1542 1484 1648 1540 Quo
1678 1483 1909 1543 sanguiue
1944 1478 2207 1529 sedubunus
2240 1476 2418 1525 ulturus

209 1544 453 1596 crudelia?
523 1547 694 1596 Fasces
731 1550 955 1610 expiandi
991 1559 1112 1600 sunt
1150 1564 1337 1599 cruore
1374 1550 1538 1614 ipsius
1575 1548 1807 1607 Consulis,
1849 1551 1896 1594 et
1939 1543 2295 1608 sacrificandum
2333 1549 2414 1591 est

210 1615 469 1660 monstrum
507 1612 673 1674 ipsum.
745 1615 1069 1678 Quodcumque
1105 1616 1198 1665 Dii
1223 1615 1551 1679 prenuntiant
1588 1614 1672 1661 hoc
1705 1610 1942 1676 praesagio
1978 1609 2114 1657 tristi
2156 1606 2417 1668 Eutropius

208 1676 443 1739 persolvat
467 1678 620 1739 capite
642 1692 755 1727 suo.
823 1678 871 1727 Ο
895 1679 1116 1742 sor-tuna,
1146 1681 1317 1729 siccine
1336 1694 1495 1728 versas
1513 1679 1670 1727 omnia
1686 1674 1711 1726 ἰ)
1775 1675 1982 1725 Siccine
2004 1678 2191 1722 tontum
2212 1671 2419 1735 possides

207 1739 450 1804 'imper-ii?
507 1743 735 1797 Quoenom
770 1751 853 1793 est
889 1745 984 1795 istu
1011 1746 1264 1794 crudelitas
1296 1744 1532 1794 irridendi
1570 1742 1696 1791 nos?
1766 1742 2009 1797 Quantum
2029 1737 2166 1797 furis
2198 1738 2250 1786 in
2278 1735 2418 1784 rebus

213 1805 529 1858 mortalibus?
593 1807 652 1855 Si
672 1812 727 1856 tu
748 1809 938 1858 voluisti
966 1811 1282 1860 contaminare
1302 1812 1609 1859 Consulatum
1623 1806 1796 1871 probro
1816 1805 1998 1868 servili,
2033 1805 2203 1852 Consul
2222 1803 2416 1866 prodeat
2442 1809 2446 1816 ⁴

1142 1946 1316 1965 ‘0000‘
1322 1944 1498 1964 “OC“

215 2026 514 2077 Antv.-—l9
545 2028 706 2091 expiat
728 2029 912 2078 Ambr.
951 2036 1075 2080 tert.
1130 2045 1238 2079 oras
1276 2029 1426 2079 Leid.
1472 2044 1577 2079 sec.
1618 2029 1898 2079 Voss—20
1931 2026 2087 2075 diram
2123 2023 2244 2073 iram
2287 2022 2417 2070 Exc.

217 2093 368 2142 Laeti.
404 2095 549 2141 duras
572 2095 765 2143 Mazar.
795 2096 1067 2157 pac-obimus
1089 2097 1215 2145 Exc.
1251 2094 1501 2144 Patsrec.
1542 2095 1639 2144 iras
1662 2094 1844 2142 Petav.
1879 2108 1954 2154 pr.
1994 2088 2419 2140 Thuan..Moret.

217 2172 296 2221 pr.
350 2172 464 2206 aros
487 2159 568 2207 vel
598 2160 698 2207 iras
736 2160 885 2209 Farn.
919 2162 1045 2210 Lov-
1085 2161 1234 2209 Leid.
1260 2174 1365 2208 sec.
1406 2161 1535 2209 Exe.
1573 2160 1919 2208 (ἔρωτι-21
1952 2155 2212 2204 lustrandoe
2237 2153 2422 2201 vat.—

218 2225 282 2271 22
312 2238 618 2287 qua-’cumque
652 2225 823 2273 Oxon.
859 2241 939 2288 pr.
997 2228 1308 2290 quodcumque
1340 2232 1561 2289 quatuor
1594 2224 1738 2273 Med.
1774 2223 1877 2271 duo
1912 2222 2094 2271 Heius.
2129 2219 2255 2267 Put.
2293 2218 2424 2279 Reg.

217 2287 414 2337 Thnan.
439 2289 634 2337 Moret.
657 2304 764 2338 sec.
807 2289 907 2339 duo
946 2291 1133 2340 Petav.
1157 2299 1265 2340 tres
1292 2289 1470 2340 Ambr.
1503 2291 1630 2339 Lov.
1671 2290 1799 2339 Exc.
1825 2289 2044 2337 Gevart.
2071 2286 2287 2336 Lucens.
2318 2296 2421 2330 sec.

216 2350 340 2402 Ald.
362 2354 491 2402 Var.
515 2355 619 2403 LL.
644 2370 672 2403 e
696 2356 1060 2418 ma1·g.·Parm.
1111 2361 1282 2405 canant
1304 2356 1392 2403 lib.
1416 2355 1608 2418 Isingr.
1662 2351 1831 2402 canant
1858 2353 1936 2401 vel
1956 2355 2131 2414 parant
2151 2351 2275 2398 Vat.
2296 2353 2420 2397 tert.

218 2422 348 2467 —23
382 2418 426 2467 si
447 2434 539 2482 qua
560 2420 715 2469 omina
737 2421 1063 2472 VatsLivin.
1112 2421 1267 2470 omina
1303 2421 1435 2470 nobis
1457 2420 1625 2471 Oisel.
1666 2419 1814 2469 Med.
1859 2425 2025 2483 quart.
2061 2416 2260 2471 'l‘huan-
2299 2412 2421 2462 Ald-

221 2483 351 2533 Exc.
394 2485 530 2533 Laeti
554 2492 611 2533 et
646 2486 872 2535 Florent.
899 2502 1014 2535 curn
1054 2487 1258 2544 Glossa‚
1293 2486 1352 2535 Si
1385 2487 1642 2549 permittis.
1696 2485 1852 2533 murcia
1889 2484 2020 2533 nobis
2042 2484 2259 2547 quatuor
2280 2481 2426 2527 Vait.

221 2547 336 2597 Pal.
360 2549 519 2598 Farn.
557 2550 697 2600 Prie.
723 2552 870 2601 Rott.
907 2551 1011 2602 dno
1043 2553 1215 2602 Oxou.
1238 2552 1341 2600 duo
1367 2551 1547 2600 Leidd.
1579 2550 1713 2599 nobis
1731 2552 1812 2599 vel
1836 2546 2033 2598 nostro?
2068 2548 2249 2595 Petav.
2274 2558 2423 2606 pr.-
2481 2584 2494 2598 ,

224 2616 287 2661 24
321 2613 449 2662 Hoec
464 2616 589 2663 Vat.
615 2622 736 2666 tert.
763 2632 829 2665 m.
864 2632 944 2681 pr.
970 2617 1054 2665 ed.
1090 2618 1261 2666 Vicet.
1315 2618 1423 2665 Hoc
1454 2618 1584 2678 Reg.
1609 2616 1737 2663 Pnt.
1766 2613 1967 2663 Thuan.
2003 2612 2197 2661 Mazar.
2225 2611 2422 2658 Bonon.

221 2677 341 2728 Pat.
364 2679 719 2742 Tholos.‘Lov.
747 2684 942 2732 Moret.
967 2698 1067 2731 sec.
1084 2681 1187 2730 duo
1212 2681 1391 2729 Heins.
1418 2689 1524 2730 tres
1548 2681 1734 2729 Petav.
1761 2679 1978 2728 totidem
2001 2676 2183 2725 Ambr.
2208 2681 2425 2738 quatuor

225 2742 368 2792 Med.
391 2745 521 2793 Exe.
548 2746 768 2794 Lucens.
794 2762 900 2796 sec.
933 2746 1053 2796 Ald.
1075 2747 1197 2794 Var.
1226 2747 1328 2794 LL.
1354 2759 1383 2793 e
1419 2759 1583 2807 marg.
1607 2746 1779 2793 Parm.
1826 2757 2024 2803 regnum
2064 2744 2195 2804 Reg.
2232 2754 2298 2792 m.
2322 2751 2425 2791 sec.

227 2808 334 2857 licet
363 2810 442 2858 vel
479 2815 607 2858 tenes
644 2812 870 2861 Florent.
926 2812 1121 2861 vocandi
1141 2808 1478 2860 Tholos.—25
1514 2821 1712 2874 quonam
1751 2807 2027 2858 bacchabere
2063 2806 2201 2870 conj.
2244 2803 2426 2855 Heius·
2516 2848 2519 2851 .

1029 2913 1062 2931 ‘a

1223 2959 1436 3010 NOTAE

288 3083 351 3131 21
410 3079 694 3152 Lustrandi]
758 3081 907 3132 Petit
951 3083 1287 3144 Claudianus,
1368 3084 1384 3111 ‘
1409 3081 1700 3146 Animaqne
1726 3081 1977 3137 litandum
2001 3080 2279 3144 Argolica!

229 3158 316 3221 qui
353 3159 668 3221 expiandum
705 3161 774 3210 sit
814 3161 910 3210 hoc
950 3169 1286 3224 portentum3

227 3247 345 3288 mox
376 3234 474 3284 sibi
512 3237 814 3300 respondet,
851 3237 1083 3303 dicitque
1117 3241 1287 3301 ipsum

230 3308 614 3363 immolandum.
1213 3349 1218 3355 ·
1309 3368 1310 3373 ,

290 3387 574 3451 Litandum]
608 3389 860 3439 l‘lacandi
899 3391 990 3441 Dii
1026 3390 1288 3443 immolato

227 3462 338 3531 ipso
363 3464 623 3529 prodigiO,
648 3467 850 3516 scilicet
869 3468 1136 3531 Eutropio.
1200 3467 1287 3516 Sic

228 3540 348 3597 olim
403 3541 711 3606 Androgyni
766 3542 1180 3607 deportabantur
1237 3545 1291 3591 in

228 3632 400 3666 mare:
461 3633 583 3668 aves
624 3618 842 3669 funestae
890 3628 1062 3682 captae
1108 3635 1288 3670 exure.-

228 3692 450 3755 bantur3
474 3695 672 3762 sicque,
695 3698 820 3760 ipsis
838 3698 1003 3758 caesis,
1026 3698 1288 3747 litabatur.

226 3767 441 3819 ‘Litare
481 3778 565 3820 est
601 3786 693 3835 per
733 3774 1132 3823 immolationem
1176 3774 1290 3823 hos-

229 3843 415 3893 tiarum
435 3844 713 3910 impetrare
736 3847 872 3912 quod
893 3848 1159 3912 postulas!

295 3921 491 3985 Ipsoque
533 3923 763 3973 litandum
815 3926 1060 3989 prodigio]
1126 3927 1289 3980 Quasi

231 3997 396 4059 Poeta
416 3998 638 4062 diceret,
652 4000 880 4050 Praestat
895 4003 1157 4053 immolare
1179 4018 1292 4067 pro·

231 4073 421 4138 digium
445 4075 634 4139 ipsum,
658 4092 811 4140 quam
835 4079 922 4126 alii
941 4087 1178 4143 pereant.
1238 4079 1292 4128 S.

236 4150 451 4215 August.
472 4152 487 4178 ‘
512 4153 706 4201 Melius
729 4162 827 4215 est,
859 4160 916 4203 ut
939 4164 1119 4217 pereat
1143 4170 1292 4217 nnus,

236 4245 384 4293 quam
407 4229 615 4280 unitas!
669 4231 943 4294 Virgilius:
965 4234 977 4257 ‘
1006 4235 1175 4282 Unum
1202 4247 1294 4295 pro

239 4305 409 4357 multis
466 4306 677 4357 dabitur
726 4308 921 4372 caput.’
1008 4311 1079 4359 Et
1134 4310 1292 4360 alibi:

1432 3164 1499 3209 22
1528 3159 1642 3215 *Hoc
1658 3157 1833 3221 omine]
1858 3158 1975 3207 Hoc
2000 3158 2134 3207 tristi
2158 3158 2435 3221 praesagio,

1367 3237 1599 3301 augurio.
2280 3276 2283 3279 .

1431 3320 1495 3367 23
1529 3314 1706 3377 Volvis]
1730 3316 1777 3364 Ο
1805 3314 2030 3375 fortuna,
2047 3327 2110 3360 sn
2130 3313 2292 3360 volvis
2314 3325 2429 3360 ver·

1367 3407 1552 3456 sasque
1572 3392 1747 3440 omnia
1768 3400 1913 3439 tanta
1936 3389 2315 3438 inconstantia?

1431 3473 1499 3518 24
1532 3469 1639 3519 Hoc
1660 3468 1820 3531 regni]
1883 3468 2106 3515 Tantum
2146 3465 2302 3515 habes
2337 3464 2430 3513 im·

1369 3545 1500 3609 perii
1522 3546 1539 3595 ?
1627 3545 1876 3608 Virgilius
1899 3560 1910 3591 ε
1948 3546 1963 3570 ‘
1987 3543 2066 3591 Tu
2106 3541 2227 3589 mihi
2273 3540 2432 3606 quod,

1368 3637 1590 3686 cumque
1614 3621 1710 3670 hoc
1736 3619 1913 3683 regni‚’
1935 3624 2031 3667 «Sec.
2284 3682 2287 3685 Ι
2390 3662 2403 3667 ,

1434 3698 1664 3760 Jocandi]
1701 3699 1831 3746 Cum
1853 3696 2062 3746 fortuna
2084 3695 2337 3744 evehebat
2359 3695 2434 3743 in-

1340 3775 1574 3838 -dignos,
1596 3775 1775 3837 dignos
1799 3773 2088 3838 premebat,
2117 3787 2231 3821 eam
2252 3772 2432 3821 ludere

1371 3858 1432 3909 et,
1440 3851 1616 3915 jocari
1637 3851 1900 3900 dicebant.
1970 3849 2252 3898 Horatius:
2287 3849 2303 3876 ‘
2330 3850 2433 3901 Lu·

1372 3927 1494 3977 dnm
1520 3928 1822 3976 insolentem
1846 3925 2025 3974 ludere
2050 3924 2326 3988 pertinax!

1438 4007 1500 4051 25
1527 4001 1844 4063 Bacchabere]
1870 4003 2030 4051 Velut
2051 4001 2216 4060 ebria,
2239 4000 2433 4063 furens,

1377 4088 1432 4130 et
1470 4081 1638 4130 inscia
1658 4094 1759 4144 quo
1787 4094 1881 4143 pes
1904 4078 2058 4141 ferat,
2095 4079 2356 4128 ebriorum
2377 4086 2435 4129 et

1374 4156 1663 4206 furentium
1694 4171 1853 4206 more.

1437 4238 1503 4282 26
1537 4233 1738 4295 Servili]
1789 4233 1843 4282 Si
1865 4246 2068 4281 servum
2092 4233 2314 4296 aliquem
2349 4247 2437 4281 vo·

1373 4310 1518 4360 luisti
1539 4308 1714 4360 faeere
1733 4310 2027 4374 Consulem,
2051 4316 2108 4361 et
2123 4311 2199 4361 sic
2218 4312 2461 4373 Curules„
