2925 4928
681 421 771 491 48
1517 439 1916 488 raoLEcou
1934 439 2079 489 ENA

687 584 873 669 quod
896 582 1354 649 difficillimum
1384 583 1453 646 in
1484 584 1614 649 hoc
1655 604 1890 665 genere
1920 590 2050 663 est,
2072 590 2149 649 ut
2179 585 2681 653 et'satietatem
2714 588 2749 653 1·

684 706 828 752 rum
888 689 1124 764 eviteS,
1165 695 1235 751 et
1277 687 1346 750 in
1392 706 1747 771 puerorum
1802 687 2091 751 ludibria
2128 707 2264 753 non
2288 688 2587 767 incidaS,
2613 690 2749 755 hoc

682 809 943 873 semper
985 792 1292 874 providit
1325 789 1733 855 inexhausta
1768 788 2024 873 'ingenii
2071 793 2177 856 sui
2222 793 2447 877 copia.
2546 793 2738 857 Mihi

685 891 858 972 dem,
920 895 1284 958 carminum
1334 895 1704 959 lectionem.
1738 914 1861 978 per
1890 894 2240 960 intervalla
2283 897 2638 978 repetenti,
2683 897 2749 958 ol

686 1014 948 1080 semper
978 1006 1086 1062 est
1113 1017 1199 1062 ea
1229 999 1569 1080 cogitatio,
1599 1003 1672 1061 ut
1701 1004 2075 1077 statuerem,
2128 996 2582 1062 Claudianum
2613 1019 2749 1062 nom

682 1103 1155 1170 sententiarum
1181 1102 1396 1185 copiae
1428 1100 1786 1178 studuisse,
1818 1102 2082 1166 etiamsi
2109 1101 2309 1166 ethis
2338 1100 2676 1191 abundat,
2714 1124 2749 1185 q

686 1206 971 1288 singulis
998 1225 1177 1269 novo
1206 1224 1473 1287 semper
1501 1204 1703 1268 modo
1736 1205 2098 1283 variandiS,
2138 1210 2339 1288 atque
2372 1205 2439 1268 in
2463 1203 2601 1267 hac
2632 1225 2709 1268 re
2744 1233 2749 1268 ;

683 1327 865 1373 mam
916 1308 1309 1372 elocutionis
1362 1308 1767 1373 collocasse.
1862 1308 1944 1372 In
2003 1310 2227 1374 verbis
2279 1327 2549 1390 semper
2600 1326 2749 1371 sum

684 1412 1029 1476 adhibitus
1058 1418 1163 1474 est
1191 1410 1518 1488 delectus,
1569 1412 1666 1474 ita
1693 1417 1763 1475 ut
1792 1412 1858 1474 in
1890 1412 2085 1475 rebus
2111 1410 2466 1475 laudandis
2496 1411 2749 1492 gravis=

681 1534 970 1598 quaeque
1023 1521 1093 1577 et
1143 1515 1569 1579 ornatissima
1614 1522 1681 1585 et
1725 1516 2091 1579 maximam
2118 1515 2258 1579 vim
2286 1513 2617 1578 habentia
2644 1514 2749 1577 de]

676 1617 796 1697 rit3
828 1617 895 1680 in
925 1616 1373 1699 vituperandis
1396 1616 1578 1693 haud
1607 1636 1755 1681 raro
1787 1617 2055 1700 quidem
2085 1616 2171 1680 ad
2198 1615 2423 1699 turpia
2449 1615 2748 1679 descend

679 1720 925 1805 quibus
980 1725 1199 1784 tamen
1243 1720 1349 1784 vel
1394 1740 1674 1785 acumen
1702 1722 1816 1785 vel
1852 1708 2273 1802 elegantiam,
2315 1716 2655 1800 siquidem
2687 1718 2749 1782 in

667 1823 1045 1895 istiusmodi
1095 1824 1291 1887 rebus
1318 1825 1538 1908 possit
1579 1824 1799 1888 locum
1827 1821 2094 1900 habere,
2128 1839 2476 1903 agnosceS,
2510 1838 2733 1906 neque

676 1944 878 2009 quam
936 1932 1238 1989 omatum
1293 1925 1639 2010 poeticum
1693 1925 2130 1990 desiderabis,
2217 1922 2538 2007 Inprimis
2585 1921 2673 1986 ad
2712 1924 2749 1986 i1

668 2028 800 2093 lem
828 2027 1177 2093 Claudiani
1209 2030 1836 2113 sermonis.pertinet
1881 2029 2429 2112 gravissimorum
2451 2025 2748 2109 epitheto}

676 2131 899 2214 copia,
957 2151 1291 2215 nusquam
1339 2132 1476 2195 fere
1528 2138 1792 2210 temere,
1846 2131 1966 2196 sed
2025 2150 2267 2212 magna
2326 2149 2478 2193 cum
2546 2128 2748 2212 dilige

592 2238 597 2241 “
672 2235 1067 2317 positorum,
1129 2254 1287 2317 quae
1345 2234 1613 2317 quidem
1665 2233 1987 2299 interdum
2041 2233 2246 2296 nimio
2312 2231 2540 2296 studio
2598 2253 2749 2315 quae

667 2336 1001 2421 pauloque
1049 2337 1247 2402 altius
1293 2340 1498 2422 petita
1539 2344 1713 2417 sunt,
1757 2344 1831 2404 ut
1874 2339 1992 2403 vix
2035 2337 2264 2421 possis
2307 2336 2670 2419 dispicere,
2722 2359 2749 2421 ς

667 2439 889 2524 poeta
913 2441 1003 2507 sit
1030 2444 1321 2507 secutus.
1410 2441 1558 2506 Illis
1587 2443 2011 2527 potissimum
2029 2461 2205 2506 usus
2227 2445 2330 2506 est
2356 2460 2481 2525 pro
2512 2459 2747 2524 gemmr

677 2544 920 2629 quibus
946 2545 1307 2610 orationem
1337 2546 1789 2629 distingueret,
1819 2551 1885 2611 et
1914 2546 2353 2631 splendorem,
2371 2564 2502 2608 non
2529 2549 2667 2609 tam
2694 2565 2745 2627 g]

661 2644 914 2712 lumine
935 2648 1315 2730 fulgentem,
1349 2669 1550 2733 quam
1580 2649 2067 2726 scintillantem,
2089 2668 2210 2732 per
2229 2654 2442 2713 totum
2471 2646 2619 2730 ejus
2632 2647 2743 2711 ‘dec

665 2750 1245 2830 sumdiffunderet,
1267 2752 1382 2835 qui
1414 2765 1680 2836 quoque
1709 2771 1861 2817 eam
1891 2755 2025 2817 vim
2052 2752 2303 2829 habuit,
2328 2757 2404 2816 ut
2429 2752 2536 2816 vel
2561 2750 2741 2815 docti

659 2875 920 2920 morum
966 2862 1035 2921 et
1086 2855 1717 2937 elegantissimorum
1767 2857 2054 2920 virorum
2094 2855 2326 2920 oculos
2357 2853 2523 2920 adeo
2548 2854 2740 2920 delini

656 2961 733 3023 ut
761 2958 829 3021 in
856 2958 1132 3041 reliquis
1152 2958 1487 3030 ¹sermonis
1516 2957 1699 3023 vitiis
1744 2958 2148 3035 caecutirent,
2196 2965 2312 3024 aut
2342 2958 2605 3041 judices
2647 2979 2737 3023 ess

661 3062 860 3126 nimis
891 3061 1218 3126 dissoluti.
1307 3062 1563 3126 Omnes
1593 3063 1769 3125 enim
1810 3062 2296 3147 propemodum
2323 3062 2421 3126 ita
2448 3062 2735 3126 existima

661 3171 829 3242 runt,
862 3164 1307 3230 Claudianum
1335 3164 1602 3249 poetam
1633 3185 1780 3229 esse
1807 3165 1975 3230 inter
2005 3166 2280 3230 Latinos
2301 3165 2588 3246 Virgilio
2609 3171 2733 3231 tant

662 3268 1218 3352 postponendum,
1258 3269 1534 3354 ejusque
1578 3269 1863 3333 lectione
1905 3261 2322 3334 vehementer
2360 3269 2731 3334 delectati-si

663 3370 840 3450 Nec,
872 3373 931 3437 si
961 3372 1285 3439 sermonis
1314 3372 1566 3437 cultum
1609 3379 1676 3437 et
1727 3374 2169 3457 splendorem,
2197 3373 2557 3438 -ve'rborum
2585 3390 2727 3438 suar

660 3476 1199 3553 collocationem,
1215 3493 1531 3540 versuum
1558 3497 1900 3542 numerum
1929 3483 1996 3541 et
2025 3478 2436 3560 diligentiam
2460 3475 2725 3540 conside}

657 3576 864 3642 habes
893 3597 1074 3655 sane,
1108 3578 1290 3662 quod
1316 3579 1575 3648 illorum
1598 3580 1932 3665 judicium
1964 3585 2366 3664 magnopere
2394 3579 2723 3664 deprehen(

658 3681 907 3763 quippe
936 3682 1051 3765 qui
1078 3682 1150 3745 in
1190 3682 1346 3760 illis,
1376 3703 1528 3766 quae
1558 3684 1646 3749 ad
1678 3686 2106 3750 instrumenta
2122 3688 2378 3748 tantum
2401 3683 2551 3746 artis
2571 3680 2721 3765 poet

656 3781 900 3844 rectius
927 3782 1271 3847 referenda
1320 3791 1496 3863 sunt,
1533 3807 1735 3870 quam
1766 3788 1854 3852 ad
1884 3807 2122 3853 veram
2141 3788 2290 3871 ejus
2332 3786 2607 3850 indolem
2633 3789 2698 3848 et

657 3887 897 3962 turam,
927 3904 1186 3949 omnem
1212 3886 1396 3950 illius
1424 3886 1764 3954 facultatis
1808 3891 1946 3954 vim
1977 3891 2178 3954 sitam
2199 3907 2352 3953 esse
2370 3886 2717 3952 arbitrarem

652 3985 822 4052 Sunt
844 3990 1066 4051 tamen
1082 3988 1434 4054 verborum
1456 3996 1524 4055 et
1557 3992 2075 4056 enuntiationum
2105 3990 2608 4075 complexioneS,
2637 4008 2715 4071 qu

652 4109 853 4173 quam
911 4079 1104 4154 suam
1152 4091 1550 4159 suavitatem
1603 4094 1865 4173 habent,
1919 4095 2322 4178 auribusque
2366 4097 2667 4158 concentu
2706 4114 2713 4153 e

652 4192 1094 4273 blandiuntur,
1135 4197 1443 4261 oratoriae
1484 4199 1703 4281 magis
1730 4218 1936 4283 quam
1965 4195 2278 4282 poeticae.
2363 4194 2559 4260 Modo
2584 4197 2711 4259 sent

653 4294 769 4359 tiae
797 4315 918 4378 per
945 4296 1234 4381 plurium
1250 4300 1731 4380 membrorum,
1763 4319 2127 4383 „numerose
2154 4305 2223 4367 et
2249 4301 2555 4366 concinne
2579 4297 2709 4364 intel
