2925 4928
477 405 613 474 412
1193 421 1310 471 ci..
1356 417 1784 471 cmi-unum
1830 418 1962 471 xv.

484 567 561 632 Si
585 569 886 645 revolant
914 567 1135 649 mergi,
1167 567 1458 651 graditur
1487 570 1543 634 si
1572 569 1790 634 littore
1819 569 2074 633 cornix.

481 667 622 740 ora
646 671 799 735 licet
827 670 1111 735 maculis
1141 659 1496 753 asperserit
1521 673 1842 737 occiduus
1872 672 2014 748 Sol,
2640 715 2645 720 ·

2546 771 2684 837 495

479 771 803 857 Lunaque
831 774 1173 855 conceptis
1200 775 1486 838 livescat
1511 774 1777 839 turbida
1807 773 2023 850 Coris,

481 875 572 939 Et
600 882 876 940 contusa
905 896 1112 958 vagos
1130 878 1503 961 jaculentur
1531 877 1749 942 sidera
1780 878 2013 953 crineS,

479 976 813 1042 Imbribus
839 978 1231 1042 humescant
1255 979 1485 1057 Haedi,
1515 980 1947 1061 nimbosaque
1975 977 2270 1042 Taurum

480 1079 708 1145 Ducat
737 1080 958 1164 HyaS,
992 1086 1303 1164 totusque
1328 1079 1516 1145 fretis
1547 1081 1908 1147 descendat
1934 1078 2182 1161 Orion3

593 1244 669 1292 ido
702 1243 1099 1304 animadvertitis,
1139 1223 1182 1293 si
1226 1243 1376 1308 mergi
1407 1249 1622 1307 redeunt,
1667 1245 1710 1294 si
1756 1246 1922 1294 cornix
1964 1246 2201 1308 spatiatur
2233 1243 2283 1292 in
2317 1258 2478 1293 arena.
2572 1243 2689 1292 Eti-

475 1310 597 1358 amsi
628 1308 712 1357 Sol
743 1311 952 1359 occidens
982 1310 1164 1376 inficiat
1184 1326 1236 1358 os
1257 1325 1401 1360 suum
1425 1313 1640 1372 vunculis,
1658 1315 1707 1359 et
1731 1311 1869 1359 Luna
1891 1311 2159 1359 turbulenta
2194 1309 2491 1358 subrubea-at
2528 1310 2691 1356 ventis

476 1372 713 1435 formatis,
737 1379 784 1423 et
804 1381 936 1423 asera
956 1376 1147 1434 confusa
1169 1377 1388 1424 emittant
1414 1391 1568 1424 comas
1603 1382 1845 1424 errantes.-
1880 1384 1934 1424 et
1958 1376 2000 1423 si
2021 1375 2168 1423 Haedi
2202 1374 2459 1437 madefiant
2477 1373 2689 1436 pluviis,

477 1444 524 1487 et
547 1439 688 1504 Hyas
707 1455 876 1503 aquosa
891 1447 1029 1502 regat
1055 1441 1276 1503 Taurum,
1299 1445 1345 1489 et
1373 1441 1524 1489 Orion
1547 1447 1673 1489 lotus
1691 1443 1938 1490 delabatur
1956 1441 2006 1489 in
2028 1454 2174 1502 mare,
2197 1439 2373 1488 indicia
2399 1438 2522 1487 Coeli
2543 1441 2686 1486 certa

1400 1571 1756 1591 OOOOOOOOOOOO

447 1666 820 1730 ›Reg.Thuan.
858 1668 983 1718 Put.
1023 1669 1221 1719 Mazar.
1254 1668 1468 1718 Tliolos.
1506 1668 1708 1717 Bonon.
1754 1674 1861 1717 tres
1904 1668 2086 1717 Petav.
2123 1664 2340 1716 totidem
2361 1663 2547 1714 Ambr.'
2579 1663 2690 1716 inc.

474 1731 659 1781 Heius.
686 1734 807 1781 Var.
833 1735 937 1782 LL.
977 1749 1005 1782 e
1041 1749 1202 1797 marg.
1228 1734 1403 1783 Parm.
1437 1734 1623 1783 Sched.
1648 1734 1784 1783 Gud.
1821 1734 1901 1782 ed.
1937 1733 2112 1782 Vicet.
2164 1735 2301 1780 tanta
2340 1732 2535 1779 Moret.
2567 1744 2687 1779 sec.

472 1800 613 1859 capta
636 1798 752 1847 Pal.
788 1800 1016 1848 Florent.
1055 1800 1177 1848 Pat.
1214 1814 1340 1847 unns
1381 1799 1564 1848 Heins.
1600 1804 1772 1861 ¹captos
1814 1800 1936 1849 Var.
1963 1799 2066 1847 LL.
2092 1796 2174 1845 ed.
2200 1794 2360 1845 Antv.
2418 1799 2557 1844 tauta
2590 1796 2687 1844 vel

470 1868 611 1912 cauta
628 1863 772 1912 Med.
792 1879 895 1913 sec.
950 1871 1090 1928 capta
1114 1865 1196 1913 vel
1216 1870 1358 1913 cauta
1380 1863 1521 1913 Med.
1583 1879 1624 1914 ι·.
1653 1864 1829 1912 Oxou.
1853 1877 1957 1912 sec.
2009 1863 2121 1926 quid
2147 1861 2326 1910 Ambr.
2364 1875 2443 1924 pr.
2497 1862 2691 1910 vocetis

469 1925 585 1978 Pal.
640 1929 817 1977 vocatis
837 1929 983 1978 Med.
1011 1946 1086 1992 pr.
1124 1930 1250 1978 Var.
1276 1930 1377 1978 121..
1413 1929 1498 1977 ed.
1575 1932 1847 1978 utv.—-493
1900 1928 2099 1976 volitant
2133 1926 2281 1976 Leid.
2320 1940 2422 1973 sec.
2463 1939 2532 1973 m.
2568 1939 2688 1976 sec.

468 1994 673 2041 revolat
695 1995 888 2043 Thuan.
942 1995 1087 2043 litora
1108 1995 1253 2043 Rott.
1274 1996 1470 2043 Thoan.
1516 2009 1604 2056 per
1636 1995 1777 2042 litora
1809 1994 2119 2042 Fara—494
2152 1991 2455 2054 consperserit
2490 1989 2690 2041 Ambr.

471 2058 701 2106 semino.
731 2060 910 2106 Heius.
964 2060 1257 2122 conspexerit
1300 2059 1443 2108 Leid.
1493 2074 1571 2117 pr.
1619 2059 1859 2122 aspexerit
1900 2058 2051 2107 Leid.
2095 2071 2197 2106 sec.
2243 2064 2299 2105 et
2340 2055 2520 2105 decem
2569 2055 2692 2118 alii,

469 2121 596 2170 Var.
622 2124 726 2172 LL.
746 2125 825 2172 ed.
850 2124 1008 2173 Antv.
1032 2134 1087 2172 et
1112 2125 1193 2172 ed.
1215 2124 1388 2173 Vicet.
1442 2124 1657 2183 assiduus
1688 2124 1756 2171 sol
1779 2124 1920 2173 Med.
1939 2137 2021 2186 pr.
2047 2137 2174 2171 unus
2197 2121 2546 2170 Heins.—495
2567 2135 2691 2169 con-

467 2187 617 2248 ceptis
639 2189 719 2235 vel
742 2191 1020 2251 contemptis
1043 2190 1187 2237 Med.
1211 2204 1288 2251 pr.
1346 2191 1547 2238 lucescat
1582 2189 1705 2237 Vat.
1745 2189 1909 2252 quint.
1960 2188 2150 2236 turbida
2190 2188 2418 2244 Florent.
2463 2200 2531 2235 m.
2566 2200 2691 2236 sec.

468 2250 569 2298 duo
594 2252 774 2301 Heius.
830 2256 1025 2315 turgida
1052 2255 1265 2316 triginta
1286 2255 1393 2314 alii,
1427 2255 1555 2301 Var.
1577 2254 1688 2302 LL.·
1722 2269 1751 2302 e
1786 2269 1946 2317 marg.
1983 2256 2153 2302 Par-n.
2187 2258 2241 2301 et
2280 2252 2411 2299 Exc-
2453 2251 2689 2302 Gevart.

445 2375 450 2379 ,
471 2317 646 2364 Cauris
667 2318 786 2366 Vat.
810 2333 890 2382 pr.
917 2327 1040 2367 item
1060 2320 1180 2368 Vat.
1202 2320 1370 2369 Livin.
1423 2319 1578 2366 choris
1599 2318 1722 2368 Lov.
1745 2319 1868 2367 Var.
1895 2320 1995 2368 LL.
2028 2320 2108 2367 ed.
2133 2318 2451 2366 Μήνη-496
2482 2316 2690 2375 confusa

468 2380 619 2430 Faru.
666 2383 936 2433 ed.Vicet.
982 2388 1173 2432 contusa
1215 2383 1362 2433 Leid.
1408 2399 1488 2447 pr.
1530 2383 1650 2432 Vat.
1697 2385 1861 2447 quint.
1903 2385 2135 2432 Florent.
2181 2382 2331 2432 Med.
2370 2388 2494 2430 tert.
2540 2383 2687 2447 Reg-

466 2444 665 2497 Bonon.
688 2449 897 2499 Tholos.
921 2449 1047 2498 LoV.
1073 2457 1177 2499 vet.
1203 2449 1331 2513 Gyr.
1357 2450 1548 2499 Moret.
1569 2463 1673 2498 sec.
1698 2448 1801 2498 duo
1825 2448 2001 2499 Oxon.
2027 2449 2129 2498 duo
2150 2446 2329 2498 Ambr.
2362 2454 2467 2496 tres
2490 2448 2693 2497 Petav.

465 2511 591 2562 Var.
616 2515 721 2563 LL.
748 2530 777 2564 e
800 2530 962 2577 marg.
993 2517 1162 2565 Parm.
1195 2530 1406 2564 concessa
1429 2515 1548 2563 Pat.
1599 2530 1817 2564 concussa
1836 2515 1982 2563 Leid.
2008 2529 2112 2563 sec.
2136 2528 2253 2562 cum
2274 2512 2686 2578 quatuordecim

465 2577 579 2628 aliis
611 2585 667 2629 et
684 2580 872 2630 Sched.
896 2580 1035 2633 Gnd.
1089 2596 1305 2631 concussa
1348 2581 1431 2630 vel
1466 2579 1660 2641 confusa
1704 2580 1848 2630 Med.
1892 2594 1999 2649 sec.
2035 2579 2314 2640 jaculantur
2334 2579 2530 2630 Μαι-εί.
2571 2592 2685 2628 sec.

1452 2750 1500 2798 N
1509 2748 1665 2799 OTAE

460 2859 561 2909 alia
584 2860 747 2925 signa,
770 2866 922 2927 quam
947 2879 1062 2928 quae
1088 2864 1179 2913 dat
1211 2863 1492 2914 Honorius.
1606 2862 1671 2912 li:
1704 2862 1789 2911 hic
1816 2867 2077 2925 ponuntur
2098 2874 2195 2922 pro
2217 2857 2386 2907 ventis
2414 2856 2687 2922 violentis,

529 2940 627 2986 493
673 2936 731 2987 Si
758 2942 967 2990 revolant
990 2941 1164 3003 mergi]
1211 2941 1383 3003 Mergi
1404 2947 1527 2990 sunt

461 3026 602 3076 aves,
627 3028 742 3078 quae
767 3016 1014 3065 continuo
1038 3024 1359 3079 merguntur,
1385 3017 1524 3066 ideo-

461 3102 563 3152 que
585 3089 626 3139 si
649 3089 882 3155 immergi
907 3092 1159 3153 desinant,
1189 3099 1344 3155 atque
1376 3106 1524 3142 revo-

460 3166 591 3230 lent,
611 3167 710 3217 hoc
732 3176 913 3217 contra
931 3176 1167 3216 naturam
1204 3184 1313 3217 esse
1353 3170 1520 3218 credi·

459 3250 563 3305 tur,
583 3250 638 3294 et
658 3244 852 3294 idcirco
876 3246 1161 3309 auspicium
1201 3246 1517 3309 navigaturis

454 3319 852 3384 inauspicatum,
890 3323 1034 3386 quasi
1078 3322 1344 3372 immineat
1384 3329 1518 3373 tem-

459 3401 633 3460 pestas
656 3398 829 3462 aliqua
851 3399 1214 3449 turbulentior.

447 3518 452 3519 a
524 3473 730 3537 Cornix]
795 3476 867 3524 Et
904 3475 1030 3524 illud
1069 3491 1272 3540 quoque
1312 3484 1393 3527 est
1430 3491 1520 3525 an·

454 3549 672 3612 spiciam
708 3550 986 3601 infaustum
1016 3567 1082 3601 ex
1110 3553 1248 3616 Virg.
1283 3554 1298 3581 ‘
1324 3553 1380 3601 si
1408 3567 1520 3602 cor-

453 3625 546 3675 nix
601 3628 756 3691 plena
809 3628 1037 3690 pluviam
1075 3636 1228 3679 vocat
1281 3629 1519 3692 improba

445 3716 603 3765 Nece,
620 3703 691 3752 Et
713 3703 823 3752 sola
844 3704 896 3752 in
913 3704 1054 3754 sicca
1070 3718 1242 3755 secum
1261 3705 1519 3768 spatiatur

452 3778 647 3830 arena!

515 3859 614 3905 494
659 3855 887 3918 Maeuiis]
950 3857 1037 3906 Sol
1072 3857 1232 3906 habet
1269 3872 1387 3910 suas
1409 3872 1513 3907 ma-

449 3932 627 3982 culas:
660 3945 812 3982 nemo
832 3932 1071 3983 dubitat:
1109 3933 1202 3982 sed
1240 3935 1327 3984 hic
1350 3934 1512 3986 nubes

450 4007 704 4071 intellige.

516 4087 613 4134 495
653 4084 900 4147 Gonu-epta
919 4084 1081 4148 Coria]
1116 4085 1236 4134 Cori
1254 4087 1334 4135 vel
1357 4087 1512 4137 Cauri

451 4166 581 4209 sunt⁴
594 4160 737 4209 venti
758 4157 1032 4210 flantes-al»
1055 4175 1241 4210 occasu
1263 4162 1511 4211 solstitia·

445 4237 627 4300 liffihoc
642 4244 740 4300 est,
763 4238 827 4287 ab
851 4238 1232 4301 iisrregionibus
1250 4237 1300 4291 in
1324 4239 1511 4304 quibus

1606 2947 1660 2988 et
1680 2954 1745 2988 ex
1767 2938 2009 3002 Virgilio,
2029 2940 2044 2965 ‘
2072 2939 2291 3000 Semper
2325 2933 2527 2999 frigora
2568 2935 2683 2998 spi·

1605 3014 1872 3066 rantibus.'

1666 3098 1765 3143 496
1801 3093 1990 3157 Crines]
2051 3091 2167 3141 Etsi
2189 3095 2329 3139 astra
2350 3095 2562 3152 contusa,
2584 3103 2682 3138 seu

1604 3170 1807 3229 obtusa,
1832 3167 1915 3216 vel
1938 3166 2150 3229 corifum,
2169 3181 2231 3215 ac
2266 3166 2476 3215 turbida
2500 3170 2682 3214 osten-

1602 3247 1752 3308 dunt,
1772 3259 1833 3294 ac
1854 3243 2059 3294 vibrant
2077 3243 2248 3292 crines
2274 3242 2554 3303 terribiles,
2577 3241 2682 3291 ibi·

1601 3338 1714 3372 inus
1767 3322 1819 3370 in
1867 3322 2085 3371 hostem.
2132 3321 2376 3369 Cometas
2400 3318 2679 3383 inteiligit,

1603 3414 1729 3464 quos
1773 3398 1973 3462 antiqui
2019 3397 2291 3457 timebant,
2329 3396 2471 3445 velut
2516 3403 2677 3448 certa

1600 3476 1954 3526 calamitatum
1976 3473 2349 3523 imminentium
2388 3474 2677 3537 praesagia.

1662 3556 1759 3601 497
1793 3550 1968 3613 Hedi]
2036 3551 2159 3599 Duo
2179 3556 2300 3599 sunt
2322 3550 2470 3612 signa
2486 3553 2677 3601 cceles-

1600 3629 1675 3681 tia
1696 3629 2149 3693 septemtrionalia
2172 3629 2222 3678 in
2262 3642 2417 3676 manu
2454 3628 2676 3679 sinistra

1597 3707 1808 3769 Aurigae
1863 3721 1955 3755 seu
2009 3705 2246 3755 heniochi
2303 3720 2449 3769 qna».e
2478 3712 2675 3756 creant

1598 3783 1830 3847 pluvias:
1900 3782 2036 3832 unde
2101 3780 2324 3842 Virgilio
2396 3780 2672 3847 dicuntur,

1593 3862 1609 3889 ‘
1635 3860 1897 3910 Pluviales
1918 3858 2090 3908 haedi:

1655 3941 1754 3987 498
1789 3934 1952 4000 Hyas]
2012 3934 2268 3997 Hyassen
2296 3932 2512 3995 Hyades
2537 3940 2670 3985 sunt

1593 4019 1797 4077 septem
1831 4010 1999 4060 stellae
2037 4011 2090 4058 in
2128 4010 2301 4073 cupite
2322 4009 2486 4058 Tauri
2510 4009 2668 4074 signi

1591 4089 1839 4149 caelestis,
1886 4103 2001 4154 qnae.
2041 4095 2156 4136 ortu
2193 4101 2285 4136 suo
2326 4092 2510 4136 creant
2544 4087 2668 4150 plu<-

1591 4167 1727 4216 vias:
1761 4166 1881 4214 hinc
1926 4164 2167 4213 dicuntur
2201 4161 2665 4233 Hyades,&aeb·rov‘

1591 4241 1688 4293 ὕειν
1723 4244 1915 4306 pluere.-
1948 4240 2145 4295 Latinis
2170 4239 2431 4293 dicuntur
2461 4252 2570 4293 m
2600 4246 2666 4293 et

443 4311 535 4366 ‘Sol
557 4313 798 4366 occidere
816 4315 1025 4366 videtur
1042 4320 1278 4385 tempore
1304 4315 1511 4369 bruma·
1587 4319 1842 4383 subucula,
1863 4316 2002 4383 quod
2023 4330 2143 4368 suen
2159 4314 2428 4382 imbribus,
2448 4321 2507 4368 et
2539 4317 2658 4373 luto
