2925 4928
466 414 607 493 284
1162 433 1287 490 en.
1334 431 1769 485 onAumam
1820 416 1994 487 vrit:

469 578 828 664 Agnovere
858 598 1096 661 sonos;
1140 580 1339 647 rediit
1375 580 1648 646 meliore
1673 582 1994 665 magistro

475 683 816 763 Machina,
846 690 1334 768 concentusque
1361 685 1524 768 poli,
1562 697 1930 770 'currusque
1956 686 2211 770 recepit
2249 740 2252 743 ,

476 788 863 875 Imperium,
896 790 1315 874 flammaeque
1347 790 1638 854 modum.
1730 790 1849 854 Sic
1882 790 2166 856 traditus
2192 790 2314 868 illi,

450 891 930 977 ,servatusque
965 891 1246 957 Oriens:
1295 898 1365 956 at
1391 911 1523 956 non
1552 911 1711 976 pars
1744 893 1952 958 altera
1976 912 2198 957 rerum
2301 940 2304 945 ⁴
2595 880 2683 957 '70

474 994 778 1075 Tradita,
810 997 921 1061 bis
948 1010 1267 1081 possessa
1293 1015 1514 1073 manu,
1546 996 1655 1059 bis
1683 1002 1876 1080 parta
1904 997 2195 1079 periclis
2631 992 2666 1005 '⁷

475 1096 612 1163 Per
641 1095 897 1167 varium
925 1098 1172 1181 gemini
1205 1098 1431 1163 scelus
1462 1117 1743 1180 erupere
1771 1099 2037 1182 tyranni

477 1200 843 1281 Tractibus
874 1201 1217 1267 occiduis:
1263 1201 1435 1265 hunc
1471 1220 1659 1266 saeva
1690 1201 2038 1267 Britannia
2067 1202 2264 1281 fudit,

480 1303 684 1368 Hunc
714 1306 845 1370 sibi
878 1305 1257 1373 Germanus
1288 1303 1605 1369 famulum
1636 1304 1972 1386 delegerat
1998 1305 2194 1386 exu13

474 1498 808 1548 soevientibus:
841 1499 921 1562 qui
954 1498 1037 1547 ubi
1057 1503 1302 1549 senserunt
1340 1498 1515 1547 iterum
1535 1513 1690 1547 vocem
1712 1497 1889 1546 domini
1911 1498 2007 1563 sui,
2044 1501 2189 1548 moles
2220 1504 2269 1548 et
2303 1497 2549 1548 harmonia
2577 1497 2695 1557 Coeli

474 1564 700 1613 restituta
721 1568 809 1628 est,
845 1565 1044 1614 Rectore
1073 1564 1417 1627 proestantiore,
1450 1580 1507 1613 uc
1544 1578 1713 1611 currus
1729 1564 1874 1611 subiit
1892 1569 2150 1626 prcecepta,
2186 1569 2231 1612 et
2254 1565 2390 1624 ignes
2412 1563 2552 1626 passi
2576 1570 2694 1612 suut

474 1630 862 1679 moderationem.-
894 1631 967 1678 ita
992 1630 1167 1678 Oriens
1188 1630 1455 1678 commissus
1478 1636 1560 1677 est
1590 1628 1666 1677 illi
1696 1629 2003 1689 Theodosio,
2040 1634 2181 1692 atque
2202 1630 2450 1688 defensus:
2480 1631 2565 1677 sed
2583 1642 2697 1692 pars

474 1694 574 1742 alia
590 1695 772 1757 mundi,
793 1710 884 1744 non
906 1696 1149 1744 commissa
1172 1701 1273 1756 est„
1289 1693 1361 1742 bis
1375 1697 1602 1756 occupata
1626 1700 1709 1743 est
1730 1694 1949 1755 dextera,
1967 1693 2040 1742 bis
2059 1695 2291 1757 acquisita
2321 1695 2473 1743 variis
2492 1693 2694 1755 casibus.

477 1757 598 1812 Duo
626 1759 835 1823 Tyranni
854 1766 1140 1809 emerserunt
1161 1775 1247 1823 per
1265 1759 1469 1808 crimina
1489 1760 1677 1807 diversa
1712 1774 1780 1807 ex
1800 1758 2074 1821 regionibus
2098 1759 2405 1817 Occidentis,·
2440 1758 2701 1808 Britannia

477 1825 679 1895 crudelis
710 1825 896 1893 peperit
933 1827 1055 1875 hunc
1076 1825 1363 1875 Maximum
1383 1841 1398 1885 ;
1432 1824 1546 1874 exul
1570 1824 1837 1873 Germanus
1860 1824 2177 1888 Aruogastes
2201 1827 2406 1888 elegerat
2429 1826 2530 1875 sibi
2566 1824 2699 1873 illum

1418 1968 1565 1988 ‘tm
1568 1968 1772 1988 0000000

478 2070 545 2117 68
557 2073 888 2134 contentusque
897 2071 1092 2120 Mazar.
1109 2077 1444 2134 conceptusque
1464 2070 1606 2121 Med.
1623 2077 1792 2135 quart.
1810 2074 2195 2135 contemptusque
2209 2071 2310 2120 duo
2324 2071 2447 2121 Vat.
2462 2068 2611 2119 Med.
2627 2083 2704 2133 pr.

479 2139 533 2181 et
550 2149 653 2184 sec.
672 2150 738 2185 m.
762 2151 839 2198 pr.
860 2141 1205 2199 contemtusque
1225 2137 1306 2185 vel
1326 2141 1661 2200 conceptusque
1685 2137 1813 2200 Reg.
1832 2139 1958 2200 polis
1979 2138 2208 2186 malebat
2230 2137 2492 2195 Barthius‚
2518 2149 2588 2183 ex
2613 2150 2704 2184 suo

478 2199 678 2249 codice.
702 2216 957 2264 currusque
968 2202 1107 2251 Pric.
1121 2200 1265 2250 Med.
1284 2208 1452 2263 quart.
1466 2211 1520 2249 et
1540 2216 1641 2251 sec,
1662 2218 1726 2250 m.
1743 2217 1844 2252 sec.
1863 2209 1967 2251 vet.
1982 2202 2109 2265 Gyr.
2126 2202 2325 2251 'rituam
2345 2203 2469 2253 Exc.
2483 2201 2707 2250 Lucens.

477 2277 583 2313 sec.
600 2263 788 2328 Isingr.
809 2272 865 2314 et
888 2267 1051 2329 Raph.
1074 2281 1321 2329 cursusque
1336 2266 1499 2316 Oisei.
1514 2267 1635 2316 Var.
1659 2267 1759 2315 LL.
1780 2265 1862 2316 ed.
1893 2268 2050 2317 Antv.
2073 2282 2349 2331 rursumque
2371 2268 2491 2315 Pat.
2520 2278 2706 2317 rursus·

480 2340 570 2391 que
592 2343 772 2379 omues
794 2331 915 2381 Vat.
940 2331 1053 2381 Pal.
1074 2332 1225 2380 Farn.
1252 2332 1396 2380 Rott.
1412 2331 1535 2382 Jun.
1560 2346 1635 2394 pr.
1656 2331 1803 2381 Leid.
1824 2348 1928 2381 sec.
1956 2333 2056 2381 duo
2077 2333 2383 2380 Oxou—69
2399 2332 2568 2380 modus
2590 2331 2709 2381 Jun-

479 2407 560 2456 pr.
593 2396 806 2444 traditus
829 2402 936 2447 vet.
953 2397 1084 2460 Gyr.
1105 2397 1237 2445 Exc.
1262 2398 1482 2445 LucenS.
1505 2411 1608 2446 sec.
1641 2397 1856 2445 traditur
1883 2397 2068 2446 decem
2095 2397 2198 2447 alii.
2232 2398 2330 2445 illis
2351 2403 2471 2445 octo
2496 2389 2689 2458 scripti

478 2467 539 2507 et
559 2461 682 2511 Var.
706 2462 809 2511 LL.
831 2461 913 2512 ed.
937 2460 1097 2512 Antv.
1123 2461 1334 2511 traditus
1353 2461 1427 2511 illi
1448 2462 1531 2512 vel
1554 2463 1765 2512 traditur
1780 2463 1878 2512 illis
1898 2463 2069 2514 Oxou.
2092 2478 2193 2513 sec.
2213 2462 2423 2512 traditus
2439 2463 2542 2511 iilis
2555 2460 2674 2518 Wol
2698 2496 2711 2511 .

480 2529 614 2575 a—-vo
647 2526 959 2591 servataeque
983 2534 1084 2577 vet.
1118 2527 1243 2592 Gyr.
1282 2529 1404 2577 Vat.
1448 2543 1525 2591 pr.
1568 2528 1722 2577 Faru.
1764 2529 1930 2577 Oisel.
1972 2529 2171 2578 Bonon.
2213 2529 2314 2576 duo
2351 2528 2546 2578 Petam
2581 2528 2710 2577 Exc.

478 2590 705 2642 Luceus.
722 2607 827 2643 sec.
844 2592 1074 2642 Servatur
1085 2596 1282 2642 mundus
1305 2594 1388 2642 vei
1403 2592 1716 2657 Servata-sque
1741 2593 1914 2642 Oriens
1934 2594 2103 2644 Oxou.
2125 2594 2576 2656 sec.‘Servatunjue
2590 2607 2711 2658 qua-

485 2661 608 2705 tuor
626 2658 748 2708 Vat.
788 2659 900 2707 Pal.
925 2659 1063 2708 Pric.
1110 2673 1226 2722 pars
1244 2659 1412 2707 ultione
1450 2658 1596 2707 Med.
1621 2673 1726 2708 sec.
1752 2658 1920 2708 Oxou.
1945 2674 2069 2723 praa
2090 2675 2156 2708 m.
2182 2663 2391 2723 pre—72
2427 2658 2478 2706 in
2505 2658 2709 2707 schedis

478 2721 625 2788 Gud.
645 2730 726 2773 est
750 2724 1017 2787 scriptum.
1051 2726 1113 2773 ad
1129 2724 1250 2773 hunc
1271 2737 1452 2772 versum
1471 2724 1659 2773 nomina
1683 2738 1842 2772 eorum
1861 2725 2180 2788 Tyr-annorum
2202 2727 2463 2773 notaverat.
2504 2726 2713 2774 Maxen-

478 2786 581 2835 tius
610 2793 661 2837 et
682 2790 944 2850 Eugenias.
979 2789 1133 2853 paulo
1154 2795 1305 2852 post:
1340 2788 1652 2851 Aruogastus.
1686 2789 1899 2852 irrupere
1919 2804 1995 2853 pr.
2019 2790 2164 2839 Med.
2198 2805 2298 2839 sec.
2320 2791 2493 2839 Vatic.
2517 2798 2576 2839 et
2602 2788 2711 2837 Pal.

375 2872 380 2876 ·
486 2856 617 2901 -73
660 2854 912 2902 Tractibus
937 2855 1063 2903 Exc.
1095 2854 1310 2903 bucensi.
1337 2869 1413 2917 pr.
1468 2853 1728 2903 Thracibus
1750 2854 1832 2904 ed.
1864 2856 2037 2904 Vicet.
2072 2856 2302 2904 Partibus
2339 2855 2418 2903 vel
2461 2852 2714 2904 Tractihus

482 2914 659 2968 Oxou.
690 2932 793 2968 sec.
844 2920 1046 2969 assiduis
1078 2920 1195 2969 Vat.
1220 2923 1428 2982 ρει-74
1461 2918 1609 2969 Hunc
1629 2919 1722 2968 sibi
1753 2920 1853 2970 inc.
1877 2920 2057 2970 Heius.
2083 2920 2295 2982 famulus
2318 2920 2429 2969 Pal.
2463 2920 2612 2970 Med.
2629 2915 2713 2984 pr.

1483 3070 1537 3119 N
1543 3067 1700 3120 01·AE

551 3186 617 3233 68
643 3180 891 3245 Machina,
910 3187 1245 3247 concentusque
1260 3184 1384 3248 poli]
1410 3184 1560 3235 Ordo
1640 3186 1745 3252 nio,
1766 3187 2049 3250 oppressis,
2071 3185 2152 3236 bis
2173 3185 2403 3250 possedit
2424 3184 2716 3250 Imperium

485 3258 581 3313 ille
606 3259 832 3313 coelestis
851 3268 907 3310 et
939 3273 1214 3324 corporum
1250 3261 1560 3325 coelestium,
1641 3263 1967 3327 Occidentis,
2007 3263 2085 3313 bis
2116 3263 2216 3314 sibi
2253 3278 2346 3313 sua
2380 3261 2584 3313 virtute
2627 3276 2718 3327 pe·

488 3336 713 3402 stetique
747 3342 803 3387 et
826 3337 1154 3387 admirabiles
1174 3352 1354 3387 eorum
1377 3353 1560 3389 cursus
1641 3342 1800 3406 perit.
2517 3347 2526 3354 “

491 3413 544 3462 in
567 3413 833 3462 harmonia
857 3413 1078 3478 quadam
1112 3414 1398 3464 consistere
1420 3413 1562 3464 dice·
1707 3423 1771 3470 73
1807 3419 2071 3468 Britannia
2094 3418 2257 3482 findit]
2292 3418 2557 3468 Maximus
2600 3421 2719 3468 etat

495 3489 685 3539 bantur
708 3506 740 3539 a
762 3491 1081 3554 Pythagora.
1643 3510 1837 3560 genere
1873 3497 2161 3561 Hispanus,
2197 3495 2377 3556 domus
2405 3494 2724 3548 Theodosia-

559 3566 696 3630 Poli]
732 3568 893 3630 Coeli;
928 3568 1077 3630 polus
1111 3567 1320 3632 dicitur,
1351 3568 1446 3618 ἀπὸ
1477 3570 1566 3618 τοῦ
1647 3589 1728 3623 nae
1770 3587 1965 3634 verna3
2015 3574 2122 3622 dux
2167 3579 2425 3636 strenuus,
2457 3572 2634 3636 fortis,
2659 3576 2721 3621 et

491 3646 678 3706 πολεῖν,
720 3648 921 3706 vertere,
963 3645 1162 3705 volvere,
1203 3646 1339 3710 quod
1364 3647 1567 3696 Coelum
1647 3650 1954 3712 laudandus,
1978 3651 2019 3699 si
2046 3666 2146 3699 non
2180 3665 2243 3700 eo
2276 3650 2538 3713 superbiae
2563 3644 2723 3699 deve-

490 3721 637 3771 Polis
660 3721 803 3771 velut
824 3720 1118 3771 cardinibus
1144 3723 1283 3771 volvi
1306 3722 1555 3786 fingatur.
1646 3729 1829 3790 nisset,
1848 3733 1909 3779 ut
1944 3742 2002 3777 se
2036 3727 2316 3777 Theodosii
2347 3726 2562 3778 affinem
2582 3727 2726 3776 dice·

556 3801 626 3846 69
665 3797 891 3846 Traditus
924 3799 1250 3862 servatusque]
1287 3799 1567 3863 Imperium
1649 3812 1751 3868 ret,
1791 3810 1849 3853 et
1885 3804 2056 3853 animo
2086 3803 2306 3853 subdolo
2346 3804 2413 3852 de
2437 3801 2721 3866 tyrannide

492 3873 735 3923 Orientis
785 3879 842 3922 et
893 3875 1219 3925 commissum
1276 3877 1568 3929 Theodosio
1650 3881 1942 3944 cogitarett
1993 3881 2186 3930 dicitur
2224 3888 2369 3929 ortus
2401 3893 2471 3928 ex
2505 3879 2724 3929 Britan-

490 3957 595 4012 εει,
636 3956 692 3999 et
727 3950 906 4000 statim
938 3951 991 4000 in
1025 3953 1301 4016 pristinam
1324 3957 1569 4022 salutem,
1649 3957 1754 4020 nia,
1807 3957 1947 4022 quod
1994 3957 2118 4008 inde
2162 3957 2393 4019 legiones
2424 3954 2722 4018 eduxisset,

492 4041 783 4092 pacemque
809 4029 1136 4079 restitutum.
1643 4048 1767 4083 uam
1785 4049 1905 4083 vere
1925 4032 2028 4083 fuit
2049 4034 2333 4096 Hispanus.
2375 4055 2381 4062 ·
2637 4071 2642 4078 .

480 4159 489 4168 ,
563 4108 628 4156 70
664 4104 794 4153 Pars
816 4106 993 4169 altera]
1056 4105 1323 4158 ,Occidens
1347 4108 1568 4172 scilicet,
1715 4115 1779 4160 ⁷4
1851 4111 2118 4160 Germanus
2167 4111 2303 4173 exul]
2398 4108 2724 4173 Arbogustes

497 4196 590 4234 seu
610 4183 895 4246 Imperium
919 4185 1242 4238 Occidentis.
1651 4187 1898 4250 Francus,
1919 4186 2003 4250 qui
2028 4186 2320 4235 Germanus
2345 4185 2560 4249 dicitur,
2595 4185 2726 4251 quia

561 4264 624 4318 71
667 4261 754 4313 Bia
786 4276 995 4324 possem
1025 4263 1188 4330 manu]
1252 4233 1570 4317 Theodosius
1637 4264 1836 4316 franci
1858 4262 2564 4315 eeermanisorinndisunt.
2611 4293 2645 4304 -.

498 4336 699 4389 duobus
738 4337 1009 4404 Tyrannis,
1040 4339 1274 4391 Maximo
1309 4348 1365 4392 et
1397 4343 1568 4408 Euge·
1643 4379 1652 4384 -
1712 4338 1992 4404 Far-ulans]
2026 4339 2285 4393 clientem
2303 4340 2597 4406 Engedum
2618 4340 2731 4391 ele·
