2925 4928
1977 221 2015 239 ι.

462 414 597 498 218
1205 447 1320 496 οι.
1371 447 1798 498 caninum
1850 448 1982 496 v11.

467 590 600 655 Per
629 590 1152 673 consanguineos
1186 590 1539 670 thalamos,
1573 596 1964 675 noctemque
1995 595 2287 670 beatam,

467 693 600 757 Per
628 693 867 771 taedaS,
902 682 1069 777 quas
1094 694 1250 777 ipsa
1276 700 1394 757 tuo
1423 693 1689 776 Regina
1717 694 1971 759 levavit
2538 692 2666 757 155

468 794 823 880 ConjugiO,
858 797 1183 880 sociaque
1212 815 1447 860 nurum
1480 796 1804 880 produxit
1835 797 1920 860 ab
1952 795 2128 874 aula,

464 895 684 961 Indue
712 906 935 962 mente
962 898 1264 981 patrem:
1311 903 1689 963 crescentes
1719 898 1920 982 dilige
1949 898 2178 977 soetuS,

467 998 565 1062 Ut
595 1000 811 1079 duciS,
841 1005 918 1065 ut
946 1002 1176 1065 soceri.
1264 1000 1311 1066 J
1315 1021 1420 1065 am
1437 1001 1584 1095 Jam
1613 1020 1880 1067 securus
1909 1001 1996 1065 ad
2021 1005 2222 1080 astra,

465 1101 566 1165 Te
596 1101 890 1181 custode,
923 1103 1125 1167 ferar:
1170 1110 1363 1187 rupta
1393 1104 1454 1166 si
1484 1103 1662 1167 mole
1693 1104 2044 1188 Typhoeus

464 1201 725 1269 Vinclis
752 1205 1083 1288 prosiliat,
1110 1205 1352 1288 Tityos
1383 1206 1443 1268 si
1475 1207 1768 1270 membra
1795 1205 2104 1285 resolvat,
2545 1201 2668 1267 160

467 1305 544 1370 Si
570 1305 751 1372 furor
780 1308 1099 1373 Enceladi
1132 1308 1434 1392 projecta
1461 1309 1719 1390 mugiat
1749 1309 1985 1388 AEtna,
2013 1376 2018 1381 ,

468 1407 806 1493 Opposito
839 1412 1204 1478 Stilichone
1235 1412 1503 1478 cadant.
1594 1411 1744 1476 Nec
1774 1412 1967 1496 plura
1989 1412 2274 1489 locutus,

469 1512 662 1579 Sicut
691 1519 855 1594 erat,
884 1515 1143 1600 liquido
1173 1515 1466 1599 signavit
1494 1518 1751 1582 tramite
1779 1517 2016 1593 nubes,

454 1679 647 1740 fratres
681 1683 813 1732 duos.
878 1684 977 1733 Per
1012 1684 1290 1748 affinitatem
1321 1686 1615 1734 matrimonii
1654 1684 1747 1745 tui,
1770 1688 1816 1732 et
1849 1685 2018 1732 lectum
2041 1680 2252 1743 felicem,
2283 1696 2373 1743 per
2392 1680 2530 1741 faces
2563 1695 2676 1745 quas

464 1746 570 1808 ipsa
592 1747 886 1809 Imperatrix
904 1750 1097 1798 sustulit
1118 1750 1169 1798 in
1191 1750 1374 1813 nuptiis
1403 1752 1518 1812 tuis,
1549 1756 1596 1799 et
1629 1750 1853 1799 conduxit
1885 1762 2054 1797 nurum
2072 1761 2133 1795 ex
2157 1748 2318 1808 Regia
2350 1752 2570 1809 cognata,
2602 1761 2677 1795 ac-

465 1811 568 1874 cipe
588 1814 796 1861 animum
812 1818 1076 1877 paternum,
1097 1829 1204 1864 ama
1211 1815 1348 1880 filios
1368 1822 1630 1877 surgentes,
1650 1820 1703 1863 ut
1723 1824 1804 1863 est
1828 1813 2055 1863 Ductor-is
2071 1817 2118 1861 et
2136 1811 2314 1860 Soceri.
2380 1813 2523 1873 Mox,
2551 1825 2678 1873 mox,

465 1880 515 1923 te
537 1877 721 1926 relicto
744 1883 916 1936 tutore,
951 1879 1027 1927 ibo
1064 1884 1196 1927 tutas
1225 1882 1288 1928 ad
1323 1880 1501 1930 sidera.
1568 1882 1625 1930 Si
1663 1880 1892 1943 Typhoeus
1910 1878 2090 1935 fractis
2121 1877 2329 1927 obicibus
2360 1882 2578 1940 erumpat
2613 1890 2675 1924 ex

464 1942 675 1998 cateniu
705 1943 748 1990 si
774 1944 946 2006 Tityus
964 1945 1184 2006 expediat
1222 1960 1387 2008 corpus
1400 1962 1418 2002 ,-
1448 1947 1491 1993 si
1513 1946 1666 1994 rabies
1706 1944 1933 1994 Enceladi
1955 1942 2139 2003 frevnat
2171 1958 2328 1991 eversa
2349 1944 2500 1991 AEtna
2516 1957 2536 1998 ,·
2573 1941 2680 1990 haec

464 2013 695 2055 monstra
712 2013 854 2056 ruant
871 2007 1130 2057 Stilichone
1148 2009 1378 2059 obstante.
1447 2011 1610 2074 Neque
1642 2010 1800 2058 dicens
1825 2011 1970 2073 plura
2005 2008 2179 2071 verba,
2206 2007 2358 2072 qualis
2388 2010 2512 2069 erat,
2541 2010 2679 2056 nota·

1392 2121 1538 2141 “O“
1545 2121 1628 2140 ‘O‘
1635 2118 1752 2138 ‘000

454 2198 642 2259 fratres
663 2199 992 2250 Oisel.--l55
1028 2201 1199 2250 levabit
1224 2202 1348 2252 Put.
1370 2202 1493 2251 Pat.
1520 2202 1707 2251 Petav.
1730 2216 1833 2251 sec.
1856 2201 1983 2252 Var.
2017 2201 2121 2253 LL.
2143 2199 2226 2249 ed.
2250 2197 2410 2249 Antv.
2443 2214 2512 2248 m.
2535 2212 2682 2262 pr.—

469 2269 569 2314 156
599 2264 753 2314 virum
772 2265 875 2314 duo
892 2267 1012 2314 Vat.
1034 2265 1134 2314 duo
1158 2267 1304 2316 Med.
1323 2268 1408 2318 ed.
1435 2267 1611 2316 Parm.
1663 2281 1833 2315 narum
1862 2267 1946 2315 vel
1967 2267 2121 2315 virum
2155 2266 2314 2314 Oisel.
2339 2267 2469 2329 Reg.
2505 2265 2681 2315 Oxou.

465 2343 546 2393 pr.
565 2331 692 2379 Exc.
716 2330 868 2379 Laeti.
892 2345 1062 2379 aarum
1087 2331 1301 2395 triginta
1321 2333 1486 2381 Codd.
1509 2333 1639 2381 Exc.
1665 2332 1876 2380 Gevart.
1896 2339 1952 2382 et
1967 2333 2187 2380 Lucens.
2209 2345 2290 2394 pr.
2313 2330 2438 2379 item
2462 2324 2684 2379 Scliotti.

464 2393 652 2443 Sched.
679 2394 818 2444 Gud.
844 2395 965 2445 Var.
990 2396 1092 2445 LL.
1119 2400 1201 2446 ed.
1228 2396 1388 2446 AntV.
1413 2405 1469 2447 et
1504 2397 1585 2447 ed.
1608 2397 1942 2446 Vicet.-l57
1975 2397 2131 2459 dirige
2151 2393 2333 2445 Ambr.
2367 2410 2448 2459 pr.
2484 2409 2556 2443 m.
2604 2408 2682 2457 pr.

465 2460 589 2509 Var.
616 2460 718 2509 LL.
739 2476 768 2510 e
788 2475 947 2524 marg.
961 2460 1137 2513 Parin.
1155 2477 1317 2527 marg.
1339 2463 1530 2527 isingr.
1548 2463 1696 2525 dilige
1715 2463 1794 2511 vel
1812 2462 1969 2524 dirige
1983 2462 2085 2511 inc.
2108 2461 2453 2512 Heins.-158
2466 2464 2514 2509 et
2532 2458 2685 2509 soceri

466 2525 662 2575 Moret.
687 2531 956 2576 sem—159
976 2527 1116 2587 feror
1136 2530 1259 2577 Vat.
1281 2530 1442 2593 quint.
1469 2528 1795 2578 Oisel.—160
1837 2528 2013 2577 Vinclis
2030 2529 2156 2576 Exc.
2182 2528 2402 2576 Lucens.
2425 2540 2529 2575 sec.
2555 2526 2683 2574 Var.

466 2589 573 2639 LL.
593 2591 676 2640 ed.
700 2590 861 2640 Antv.
882 2607 1044 2654 marg.
1068 2593 1258 2658 Isingr.
1321 2594 1472 2643 Undis
1494 2594 1742 2641 tredecim
1768 2592 1872 2641 alii.
1927 2593 2077 2642 Undis
2095 2594 2177 2642 vel
2211 2593 2389 2643 Vinclis
2406 2591 2583 2640 Oxon.
2603 2606 2682 2655 pr.

463 2655 699 2712 ,Prosiliat
721 2658 890 2706 vinclis
907 2658 1049 2707 Med.
1076 2665 1199 2708 tert.
1256 2658 1424 2725 Tityos
1446 2658 1592 2708 Med.
1630 2665 1750 2707 tert.
1773 2660 1904 2708 Exc.
1929 2660 2148 2708 Lucens.
2170 2673 2273 2707 sec.
2328 2657 2514 2707 Tithios
2534 2655 2684 2706 Leid.

467 2734 574 2769 sec.
635 2723 808 2785 Tityus
826 2723 1053 2787 quinque
1076 2725 1196 2774 Vat.
1221 2725 1334 2772 Pal.
1357 2726 1508 2773 Farn.
1535 2724 1676 2773 Pric.
1702 2724 2008 2772 Rom—161
2040 2728 2260 2787 provecta
2282 2723 2413 2786 Reg.
2435 2726 2686 2785 proerupta

468 2785 661 2836 Moret.
695 2802 801 2836 sec.
855 2789 1040 2848 mugiat
1079 2788 1183 2839 duo
1223 2789 1346 2838 Vat.
1403 2789 1586 2851 mugiet
1623 2788 1770 2838 Leid.
1814 2803 1891 2851 pr.
1949 2790 2090 2837 Enna
2116 2788 2424 2836 Pria—162
2456 2787 2686 2835 Stiticone

469 2857 690 2914 quatuor
721 2853 845 2902 Vat.
895 2857 1032 2903 cadet
1054 2855 1251 2904 Moret.
1287 2870 1390 2905 sec.
1444 2856 1613 2903 cadent
1651 2854 1834 2903 decem
1874 2853 1977 2902 alii.
2030 2855 2199 2902 cadant
2229 2854 2352 2904 Jun.
2387 2866 2468 2916 pr.
2494 2852 2685 2900 Petav-

1439 3019 1662 3069 NOTAE

534 3114 630 3160 154
686 3113 970 3177 Noctemque
1023 3115 1229 3181 beatam]
1307 3119 1534 3168 Noctem
1685 3121 1780 3166 159
1818 3116 2070 3181 Typhoeus]
2103 3115 2265 3180 Gigas
2295 3114 2441 3167 Jovis
2462 3110 2683 3163 fulmine
2717 3113 2722 3119 ’

468 3188 754 3252 nuptialem
778 3190 853 3239 ita
871 3192 1176 3255 expetitam.
1617 3208 1908 3259 percussus,
1922 3201 1974 3244 et
1990 3193 2232 3257 Inarime,
2247 3191 2520 3241 Puteolani
2541 3191 2685 3240 sinus

533 3270 626 3314 155
653 3267 843 3330 Toedas]
868 3267 1030 3318 Faces
1054 3269 1312 3331 nuptiales
1331 3285 1394 3319 ex
1413 3270 1538 3321 alba
1615 3273 1797 3334 insula,
1818 3274 1900 3320 vel
1924 3273 2078 3321 AEtna
2099 3278 2275 3319 monte
2298 3281 2597 3333 oppressus.

466 3342 617 3406 spina
649 3340 775 3392 ferri
817 3345 1029 3395 solitas:
1086 3345 1204 3408 aaa,
1242 3345 1333 3405 τὴν
1371 3346 1534 3409 δαΐδας
1681 3355 1776 3400 160
1810 3350 1999 3415 Tityos]
2044 3351 2226 3414 Tityus
2282 3350 2440 3413 gigas.
2477 3348 2688 3409 itidem,

465 3420 587 3469 hinc
625 3421 890 3472 deducunt
928 3422 1120 3486 toedam,
1146 3425 1328 3487 facem,
1361 3426 1538 3491 lampa·
1612 3428 1761 3478 Jovis
1782 3435 1837 3476 et
1877 3427 2067 3489 Elarae,
2105 3442 2196 3476 seu
2223 3427 2420 3488 Terrae,
2438 3423 2597 3487 filius,
2616 3422 2687 3472 ob

463 3499 601 3549 aem.-
634 3504 694 3548 ut
717 3498 983 3550 deducunt
1003 3501 1336 3552 hebdomadam
1357 3503 1422 3552 ab
1453 3519 1536 3553 ac·
1616 3511 1866 3555 tentatam
1907 3506 2121 3554 Latonae
2161 3503 2477 3568 pudicitiam,
2522 3511 2617 3552 aut
2658 3516 2689 3550 a

467 3576 701 3624 01188ῒίὙο
723 3575 814 3634 Τὴν
829 3576 1082 3638 ἑβδομάδα.
1615 3583 1749 3634 Jove
1774 3581 2096 3644 fulminatus,
2111 3586 2201 3631 aut
2216 3580 2279 3630 ab
2297 3580 2542 3644 Apolline
2564 3592 2688 3631 con-

530 3655 627 3700 166
659 3652 802 3703 Socia
824 3656 956 3719 aula]
986 3656 1237 3718 Cognata,
1261 3654 1420 3721 affini,
1442 3671 1537 3706 seu
1615 3658 1766 3720 fixuS,
1786 3666 1841 3708 et
1864 3659 1930 3707 ad
1947 3657 2138 3708 inferos
2160 3658 2420 3707 detrusus.

471 3727 526 3777 in
549 3744 652 3793 qua
676 3738 796 3780 sunt
819 3734 1025 3795 cognati
1048 3739 1103 3781 et
1126 3731 1320 3783 affines.
1681 3740 1772 3785 161
1814 3734 2067 3797 Enceladi]
2110 3735 2214 3784 Hic
2235 3735 2377 3798 gigas
2394 3733 2577 3783 itidem
2595 3734 2690 3783 im·

532 3806 723 3854 Nurum
754 3807 1003 3870 produxit]
1067 3809 1315 3858 Serenam
1375 3810 1535 3860 filiam
1615 3813 1797 3876 manis,
1829 3812 1925 3861 sub
1965 3812 2121 3862 AEtua
2158 3810 2558 3875 superimposita
2596 3824 2686 3874 ge-

465 3881 761 3945 adoptivam
793 3881 1110 3945 Imperatrix
1151 3886 1381 3947 pronuba
1420 3900 1538 3951 pro·
1615 3903 1777 3938 mens.

466 3959 634 4021 duxit,
648 3975 713 4008 ex
728 3974 870 4009 more
883 3968 1112 4009 matrum
1140 3969 1392 4024 veterum,
1417 3979 1532 4027 quae
1682 3968 1776 4013 163
1810 3963 1946 4013 Sicut
1984 3962 2111 4025 erat]
2162 3961 2322 4016 Quasi
2360 3960 2685 4011 Theodosius

462 4035 671 4086 filiabus
706 4037 811 4084 suis
850 4035 1013 4085 taedas
1040 4037 1404 4101 praeferebant,
1428 4055 1536 4090 eas·
1617 4042 1764 4090 vivus
1799 4054 1859 4090 ac
1883 4045 2189 4104 corporatus
2212 4039 2409 4089 Coelum
2430 4037 2684 4088 ascende-

471 4125 574 4176 que
598 4110 660 4159 ad
687 4113 855 4160 mariti
879 4111 1086 4160 domum
1111 4112 1456 4164 deducebant.
1614 4119 1698 4168 rit.

533 4190 628 4236 158
667 4188 732 4236 Ut
755 4188 908 4247 ducis,
925 4193 978 4236 ut
999 4188 1169 4251 soceri]
1204 4190 1279 4240 Ut
1314 4197 1399 4241 est
1419 4206 1537 4256 pro·
1677 4193 1881 4259 liquido
1901 4192 2121 4256 tramite]
2164 4191 2379 4254 Semitn,
2418 4206 2574 4257 quam
2622 4190 2684 4240 il-

465 4261 636 4327 prium
659 4261 804 4313 ducis
826 4270 881 4313 et
902 4265 1068 4314 soceri
1087 4266 1326 4317 amantis.
1389 4267 1533 4319 stiti—
1613 4257 1870 4322 lustrabat
1891 4284 2079 4336 corpus
2100 4268 2275 4321 divino
2294 4268 2594 4335 splendore.

464 4341 562 4392 cho
587 4340 722 4393 euim
744 4348 859 4393 erat
879 4355 1024 4395 socer
1047 4342 1288 4396 Honorii.
