<?xml version="1.0" encoding="UTF-8"?>
<!DOCTYPE html PUBLIC "-//W3C//DTD XHTML 1.0 Transitional//EN"
    "http://www.w3.org/TR/xhtml1/DTD/xhtml1-transitional.dtd">
<html xmlns="http://www.w3.org/1999/xhtml" xml:lang="en" lang="en">
 <head>
  <title>
</title>
<meta http-equiv="Content-Type" content="text/html;charset=utf-8" />
  <meta name='ocr-system' content='tesseract 3.04.00' />
  <meta name='ocr-capabilities' content='ocr_page ocr_carea ocr_par ocr_line ocrx_word'/>
</head>
<body>
  <div class='ocr_page' id='page_1' title='image "./operaomniavolum00claugoog_0027.png"; bbox 0 0 2925 4928; ppageno 0'>
   <div class='ocr_carea' id='block_1_1' title="bbox 933 382 2454 477">
    <p class='ocr_par' dir='ltr' id='par_1_1' title="bbox 933 382 2454 477">
     <span class='ocr_line' id='line_1_1' title="bbox 933 382 2454 477; baseline 0.004 -32"><span class='ocrx_word' id='word_1_1' title='bbox 933 396 1015 446; x_wconf 76' lang='lat' dir='ltr'><strong>m</strong></span> <span class='ocrx_word' id='word_1_2' title='bbox 1062 397 1180 448; x_wconf 71' lang='lat' dir='ltr'><strong>cr„</strong></span> <span class='ocrx_word' id='word_1_3' title='bbox 1210 398 1750 477; x_wconf 67' lang='lat' dir='ltr'><strong>cmunufflum.</strong></span> <span class='ocrx_word' id='word_1_4' title='bbox 2393 382 2454 450; x_wconf 54' lang='lat'><strong>9⁴</strong></span> 
     </span>
    </p>
   </div>
   <div class='ocr_carea' id='block_1_2' title="bbox 263 537 2440 733">
    <p class='ocr_par' dir='ltr' id='par_1_2' title="bbox 263 537 2440 733">
     <span class='ocr_line' id='line_1_2' title="bbox 266 537 2440 632; baseline 0.005 -31"><span class='ocrx_word' id='word_1_5' title='bbox 266 539 407 619; x_wconf 75' lang='lat' dir='ltr'><strong>Quo</strong></span> <span class='ocrx_word' id='word_1_6' title='bbox 442 539 566 613; x_wconf 74' lang='lat' dir='ltr'><strong>rite</strong></span> <span class='ocrx_word' id='word_1_7' title='bbox 590 537 794 619; x_wconf 79' lang='lat' dir='ltr'><strong>facto,</strong></span> <span class='ocrx_word' id='word_1_8' title='bbox 821 540 1051 607; x_wconf 88' lang='lat' dir='ltr'><strong>nescio</strong></span> <span class='ocrx_word' id='word_1_9' title='bbox 1079 558 1260 621; x_wconf 82' lang='lat' dir='ltr'><strong>sane,</strong></span> <span class='ocrx_word' id='word_1_10' title='bbox 1305 564 1422 609; x_wconf 91' lang='lat' dir='ltr'><strong>cur</strong></span> <span class='ocrx_word' id='word_1_11' title='bbox 1450 544 1757 624; x_wconf 84' lang='lat' dir='ltr'><strong>Zosimo,</strong></span> <span class='ocrx_word' id='word_1_12' title='bbox 1805 546 2089 612; x_wconf 75' lang='lat' dir='ltr'><strong>Zonaras</strong></span> <span class='ocrx_word' id='word_1_13' title='bbox 2121 547 2440 632; x_wconf 80' lang='lat' dir='ltr'><strong>compila-</strong></span> 
     </span>
     <span class='ocr_line' id='line_1_3' title="bbox 263 642 2436 733; baseline 0.003 -26"><span class='ocrx_word' id='word_1_14' title='bbox 263 642 526 719; x_wconf 78' lang='lat' dir='ltr'><strong>toribus,</strong></span> <span class='ocrx_word' id='word_1_15' title='bbox 561 642 944 731; x_wconf 81' lang='lat' dir='ltr'><strong>jejunisque</strong></span> <span class='ocrx_word' id='word_1_16' title='bbox 972 645 1309 709; x_wconf 86' lang='lat' dir='ltr'><strong>annalium</strong></span> <span class='ocrx_word' id='word_1_17' title='bbox 1340 648 2006 726; x_wconf 67' lang='lat' dir='ltr'><strong>comminatoribus,</strong></span> <span class='ocrx_word' id='word_1_18' title='bbox 2038 656 2110 713; x_wconf 86' lang='lat' dir='ltr'><strong>et</strong></span> <span class='ocrx_word' id='word_1_19' title='bbox 2131 651 2436 733; x_wconf 78' lang='lat' dir='ltr'><strong>patribus</strong></span> 
     </span>
    </p>
   </div>
   <div class='ocr_carea' id='block_1_3' title="bbox 262 744 2588 832">
    <p class='ocr_par' dir='ltr' id='par_1_3' title="bbox 262 744 2588 832">
     <span class='ocr_line' id='line_1_4' title="bbox 262 744 2588 832; baseline 0.002 -25"><span class='ocrx_word' id='word_1_20' title='bbox 262 744 553 813; x_wconf 79' lang='lat' dir='ltr'><strong>ecclesiae</strong></span> <span class='ocrx_word' id='word_1_21' title='bbox 602 747 797 828; x_wconf 80' lang='lat' dir='ltr'><strong>ipsiS‚</strong></span> <span class='ocrx_word' id='word_1_22' title='bbox 843 747 1090 830; x_wconf 88' lang='lat' dir='ltr'><strong>quibus</strong></span> <span class='ocrx_word' id='word_1_23' title='bbox 1128 765 1210 812; x_wconf 90' lang='lat' dir='ltr'><strong>ea</strong></span> <span class='ocrx_word' id='word_1_24' title='bbox 1244 755 1502 811; x_wconf 89' lang='lat' dir='ltr'><strong>tantum</strong></span> <span class='ocrx_word' id='word_1_25' title='bbox 1530 751 1798 832; x_wconf 89' lang='lat' dir='ltr'><strong>probari</strong></span> <span class='ocrx_word' id='word_1_26' title='bbox 1827 751 2144 829; x_wconf 91' lang='lat' dir='ltr'><strong>solebant,</strong></span> <span class='ocrx_word' id='word_1_27' title='bbox 2187 770 2440 815; x_wconf 89' lang='lat' dir='ltr'><strong>memo-</strong></span> <span class='ocrx_word' id='word_1_28' title='bbox 2571 801 2588 812; x_wconf 88' lang='lat'><strong>.</strong></span> 
     </span>
    </p>
   </div>
   <div class='ocr_carea' id='block_1_4' title="bbox 157 847 2455 3195">
    <p class='ocr_par' dir='ltr' id='par_1_4' title="bbox 157 847 2454 2990">
     <span class='ocr_line' id='line_1_5' title="bbox 260 847 2441 936; baseline 0.004 -27"><span class='ocrx_word' id='word_1_29' title='bbox 260 853 520 930; x_wconf 84' lang='lat' dir='ltr'><strong>ratuque</strong></span> <span class='ocrx_word' id='word_1_30' title='bbox 575 847 778 929; x_wconf 86' lang='lat' dir='ltr'><strong>digna</strong></span> <span class='ocrx_word' id='word_1_31' title='bbox 835 849 1254 928; x_wconf 87' lang='lat' dir='ltr'><strong>videbantur,</strong></span> <span class='ocrx_word' id='word_1_32' title='bbox 1299 869 1454 933; x_wconf 77' lang='lat' dir='ltr'><strong>quae</strong></span> <span class='ocrx_word' id='word_1_33' title='bbox 1510 852 1806 935; x_wconf 90' lang='lat' dir='ltr'><strong>ipsorum</strong></span> <span class='ocrx_word' id='word_1_34' title='bbox 1862 853 2441 936; x_wconf 75' lang='lat' dir='ltr'>superstitionibus</span> 
     </span>
     <span class='ocr_line' id='line_1_6' title="bbox 254 951 2442 1038; baseline 0.003 -26"><span class='ocrx_word' id='word_1_35' title='bbox 254 954 462 1026; x_wconf 69' lang='lat' dir='ltr'><strong>⁸essent</strong></span> <span class='ocrx_word' id='word_1_36' title='bbox 535 951 1068 1029; x_wconf 83' lang='lat' dir='ltr'><strong>accommodata,</strong></span> <span class='ocrx_word' id='word_1_37' title='bbox 1141 953 1299 1035; x_wconf 87' lang='lat' dir='ltr'><strong>plus</strong></span> <span class='ocrx_word' id='word_1_38' title='bbox 1353 953 1771 1018; x_wconf 82' lang='lat' dir='ltr'><strong>auctoritatis</strong></span> <span class='ocrx_word' id='word_1_39' title='bbox 1826 954 2167 1035; x_wconf 83' lang='lat' dir='ltr'><strong>tribuatur,</strong></span> <span class='ocrx_word' id='word_1_40' title='bbox 2238 974 2442 1038; x_wconf 84' lang='lat' dir='ltr'><strong>quam</strong></span> 
     </span>
     <span class='ocr_line' id='line_1_7' title="bbox 256 1049 2441 1141; baseline 0.003 -26"><span class='ocrx_word' id='word_1_41' title='bbox 256 1049 634 1125; x_wconf 79' lang='lat' dir='ltr'><strong>Claudiano.</strong></span> <span class='ocrx_word' id='word_1_42' title='bbox 716 1072 719 1073; x_wconf 46' lang='lat'><em>⁷</em></span> <span class='ocrx_word' id='word_1_43' title='bbox 754 1053 1039 1129; x_wconf 77' lang='lat' dir='ltr'>Uberior</span> <span class='ocrx_word' id='word_1_44' title='bbox 1081 1060 1300 1118; x_wconf 88' lang='lat' dir='ltr'><strong>autem</strong></span> <span class='ocrx_word' id='word_1_45' title='bbox 1352 1055 1435 1118; x_wconf 93' lang='lat' dir='ltr'><strong>de</strong></span> <span class='ocrx_word' id='word_1_46' title='bbox 1486 1055 1620 1119; x_wconf 90' lang='lat' dir='ltr'><strong>fide</strong></span> <span class='ocrx_word' id='word_1_47' title='bbox 1672 1055 2024 1120; x_wconf 84' lang='lat' dir='ltr'><strong>Claudiani</strong></span> <span class='ocrx_word' id='word_1_48' title='bbox 2080 1056 2441 1141; x_wconf 75' lang='lat' dir='ltr'><strong>disputatio</strong></span> 
     </span>
     <span class='ocr_line' id='line_1_8' title="bbox 261 1154 2451 1252; baseline 0.003 -34"><span class='ocrx_word' id='word_1_49' title='bbox 261 1154 465 1218; x_wconf 85' lang='lat' dir='ltr'><strong>aliena</strong></span> <span class='ocrx_word' id='word_1_50' title='bbox 492 1161 596 1219; x_wconf 90' lang='lat' dir='ltr'><strong>est</strong></span> <span class='ocrx_word' id='word_1_51' title='bbox 624 1176 666 1219; x_wconf 94' lang='lat' dir='ltr'><strong>a</strong></span> <span class='ocrx_word' id='word_1_52' title='bbox 692 1161 916 1225; x_wconf 85' lang='lat' dir='ltr'><strong>nostro</strong></span> <span class='ocrx_word' id='word_1_53' title='bbox 939 1156 1309 1240; x_wconf 88' lang='lat' dir='ltr'><strong>proposito,</strong></span> <span class='ocrx_word' id='word_1_54' title='bbox 1356 1158 1474 1240; x_wconf 91' lang='lat' dir='ltr'><strong>qui</strong></span> <span class='ocrx_word' id='word_1_55' title='bbox 1518 1157 1589 1222; x_wconf 93' lang='lat' dir='ltr'><strong>id</strong></span> <span class='ocrx_word' id='word_1_56' title='bbox 1631 1176 1934 1239; x_wconf 83' lang='lat' dir='ltr'><strong>agamuS,</strong></span> <span class='ocrx_word' id='word_1_57' title='bbox 1976 1165 2057 1222; x_wconf 85' lang='lat' dir='ltr'><strong>ut</strong></span> <span class='ocrx_word' id='word_1_58' title='bbox 2082 1160 2451 1252; x_wconf 76' lang='lat' dir='ltr'><strong>constitua·-¹</strong></span> 
     </span>
     <span class='ocr_line' id='line_1_9' title="bbox 256 1256 2442 1341; baseline 0.002 -21"><span class='ocrx_word' id='word_1_59' title='bbox 256 1262 365 1333; x_wconf 80' lang='lat' dir='ltr'><strong>tur,</strong></span> <span class='ocrx_word' id='word_1_60' title='bbox 410 1257 977 1340; x_wconf 81' lang='lat' dir='ltr'><strong>quemadmodum</strong></span> <span class='ocrx_word' id='word_1_61' title='bbox 1004 1258 1114 1322; x_wconf 91' lang='lat' dir='ltr'><strong>ille</strong></span> <span class='ocrx_word' id='word_1_62' title='bbox 1141 1257 1368 1341; x_wconf 69' lang='lat' dir='ltr'><strong>poetae</strong></span> <span class='ocrx_word' id='word_1_63' title='bbox 1398 1259 1584 1323; x_wconf 80' lang='lat' dir='ltr'><strong>vices</strong></span> <span class='ocrx_word' id='word_1_64' title='bbox 1618 1256 2022 1338; x_wconf 85' lang='lat' dir='ltr'><strong>defenderit;</strong></span> <span class='ocrx_word' id='word_1_65' title='bbox 2066 1258 2150 1322; x_wconf 90' lang='lat' dir='ltr'><strong>de</strong></span> <span class='ocrx_word' id='word_1_66' title='bbox 2178 1258 2296 1323; x_wconf 91' lang='lat' dir='ltr'><strong>illa</strong></span> <span class='ocrx_word' id='word_1_67' title='bbox 2323 1280 2442 1324; x_wconf 82' lang='lat' dir='ltr'><strong>au-</strong></span> 
     </span>
     <span class='ocr_line' id='line_1_10' title="bbox 255 1359 2445 1444; baseline 0.003 -24"><span class='ocrx_word' id='word_1_68' title='bbox 255 1362 373 1421; x_wconf 85' lang='lat' dir='ltr'><strong>tem</strong></span> <span class='ocrx_word' id='word_1_69' title='bbox 399 1359 677 1429; x_wconf 84' lang='lat' dir='ltr'><strong>omnino</strong></span> <span class='ocrx_word' id='word_1_70' title='bbox 717 1363 936 1425; x_wconf 87' lang='lat' dir='ltr'><strong>tacere</strong></span> <span class='ocrx_word' id='word_1_71' title='bbox 981 1360 1312 1427; x_wconf 86' lang='lat' dir='ltr'><strong>noluimus</strong></span> <span class='ocrx_word' id='word_1_72' title='bbox 1362 1366 1731 1444; x_wconf 89' lang='lat' dir='ltr'><strong>propterea,</strong></span> <span class='ocrx_word' id='word_1_73' title='bbox 1775 1368 1854 1425; x_wconf 94' lang='lat' dir='ltr'><strong>ut</strong></span> <span class='ocrx_word' id='word_1_74' title='bbox 1893 1380 2024 1425; x_wconf 91' lang='lat' dir='ltr'><strong>non</strong></span> <span class='ocrx_word' id='word_1_75' title='bbox 2073 1363 2445 1442; x_wconf 80' lang='lat' dir='ltr'><strong>ignorarent</strong></span> 
     </span>
     <span class='ocr_line' id='line_1_11' title="bbox 247 1459 2444 1546; baseline 0 -19"><span class='ocrx_word' id='word_1_76' title='bbox 247 1459 547 1544; x_wconf 76' lang='lat' dir='ltr'><strong>juveneS,</strong></span> <span class='ocrx_word' id='word_1_77' title='bbox 585 1460 856 1546; x_wconf 62' lang='lat' dir='ltr'><strong>poetam</strong></span> <span class='ocrx_word' id='word_1_78' title='bbox 902 1469 1197 1527; x_wconf 88' lang='lat' dir='ltr'><strong>nostrum</strong></span> <span class='ocrx_word' id='word_1_79' title='bbox 1226 1463 1335 1526; x_wconf 88' lang='lat' dir='ltr'><strong>vel</strong></span> <span class='ocrx_word' id='word_1_80' title='bbox 1384 1462 1515 1526; x_wconf 92' lang='lat' dir='ltr'><strong>hoc</strong></span> <span class='ocrx_word' id='word_1_81' title='bbox 1567 1463 1831 1527; x_wconf 91' lang='lat' dir='ltr'><strong>nomine</strong></span> <span class='ocrx_word' id='word_1_82' title='bbox 1882 1481 2012 1526; x_wconf 89' lang='lat' dir='ltr'><strong>non</strong></span> <span class='ocrx_word' id='word_1_83' title='bbox 2052 1463 2254 1546; x_wconf 88' lang='lat' dir='ltr'><strong>plane</strong></span> <span class='ocrx_word' id='word_1_84' title='bbox 2293 1483 2444 1528; x_wconf 87' lang='lat' dir='ltr'><strong>esse</strong></span> 
     </span>
     <span class='ocr_line' id='line_1_12' title="bbox 252 1562 2445 1648; baseline 0.003 -23"><span class='ocrx_word' id='word_1_85' title='bbox 252 1562 724 1645; x_wconf 83' lang='lat' dir='ltr'><strong>negligendum.</strong></span> <span class='ocrx_word' id='word_1_86' title='bbox 773 1563 1076 1629; x_wconf 88' lang='lat' dir='ltr'><strong>Ceterum</strong></span> <span class='ocrx_word' id='word_1_87' title='bbox 1102 1566 1502 1630; x_wconf 87' lang='lat' dir='ltr'><strong>carminibus</strong></span> <span class='ocrx_word' id='word_1_88' title='bbox 1530 1567 1599 1629; x_wconf 93' lang='lat' dir='ltr'><strong>in</strong></span> <span class='ocrx_word' id='word_1_89' title='bbox 1620 1565 2056 1631; x_wconf 85' lang='lat' dir='ltr'><strong>Stilichonem</strong></span> <span class='ocrx_word' id='word_1_90' title='bbox 2078 1566 2349 1648; x_wconf 84' lang='lat' dir='ltr'><strong>scriptis</strong></span> <span class='ocrx_word' id='word_1_91' title='bbox 2371 1566 2445 1631; x_wconf 86' lang='lat' dir='ltr'><strong>id</strong></span> 
     </span>
     <span class='ocr_line' id='line_1_13' title="bbox 254 1667 2447 1746; baseline 0.001 -16"><span class='ocrx_word' id='word_1_92' title='bbox 254 1671 593 1741; x_wconf 64' lang='lat' dir='ltr'><strong>‚assecutus</strong></span> <span class='ocrx_word' id='word_1_93' title='bbox 625 1673 728 1731; x_wconf 92' lang='lat' dir='ltr'><strong>est</strong></span> <span class='ocrx_word' id='word_1_94' title='bbox 758 1667 1022 1746; x_wconf 81' lang='lat' dir='ltr'><strong>Noster,</strong></span> <span class='ocrx_word' id='word_1_95' title='bbox 1057 1674 1126 1733; x_wconf 93' lang='lat' dir='ltr'><strong>ut</strong></span> <span class='ocrx_word' id='word_1_96' title='bbox 1152 1668 1335 1733; x_wconf 89' lang='lat' dir='ltr'><strong>illius</strong></span> <span class='ocrx_word' id='word_1_97' title='bbox 1365 1670 1752 1733; x_wconf 87' lang='lat' dir='ltr'><strong>auctoritate</strong></span> <span class='ocrx_word' id='word_1_98' title='bbox 1790 1677 2062 1733; x_wconf 84' lang='lat' dir='ltr'><strong>senatus</strong></span> <span class='ocrx_word' id='word_1_99' title='bbox 2094 1668 2447 1733; x_wconf 85' lang='lat' dir='ltr'><strong>Romanus</strong></span> 
     </span>
     <span class='ocr_line' id='line_1_14' title="bbox 252 1766 2448 1855; baseline 0.003 -23"><span class='ocrx_word' id='word_1_100' title='bbox 252 1766 375 1849; x_wconf 80' lang='lat' dir='ltr'><strong>ipsi</strong></span> <span class='ocrx_word' id='word_1_101' title='bbox 392 1839 401 1847; x_wconf 57' lang='lat'>‚</span> <span class='ocrx_word' id='word_1_102' title='bbox 419 1774 722 1834; x_wconf 84' lang='lat' dir='ltr'><strong>statuam</strong></span> <span class='ocrx_word' id='word_1_103' title='bbox 767 1789 922 1835; x_wconf 86' lang='lat' dir='ltr'><strong>cum</strong></span> <span class='ocrx_word' id='word_1_104' title='bbox 966 1770 1155 1836; x_wconf 88' lang='lat' dir='ltr'><strong>titulo</strong></span> <span class='ocrx_word' id='word_1_105' title='bbox 1200 1770 1271 1834; x_wconf 91' lang='lat' dir='ltr'><strong>in</strong></span> <span class='ocrx_word' id='word_1_106' title='bbox 1312 1772 1456 1836; x_wconf 88' lang='lat' dir='ltr'><strong>foro</strong></span> <span class='ocrx_word' id='word_1_107' title='bbox 1503 1771 1878 1854; x_wconf 86' lang='lat' dir='ltr'><strong>ponendam</strong></span> <span class='ocrx_word' id='word_1_108' title='bbox 1904 1773 2284 1849; x_wconf 73' lang='lat' dir='ltr'><strong>decreverit,</strong></span> <span class='ocrx_word' id='word_1_109' title='bbox 2329 1771 2448 1855; x_wconf 86' lang='lat' dir='ltr'><strong>qui</strong></span> 
     </span>
     <span class='ocr_line' id='line_1_15' title="bbox 253 1867 2445 1958; baseline 0.003 -27"><span class='ocrx_word' id='word_1_110' title='bbox 253 1867 452 1949; x_wconf 82' lang='lat' dir='ltr'><strong>honor</strong></span> <span class='ocrx_word' id='word_1_111' title='bbox 479 1877 555 1936; x_wconf 89' lang='lat' dir='ltr'><strong>et</strong></span> <span class='ocrx_word' id='word_1_112' title='bbox 582 1872 718 1943; x_wconf 86' lang='lat' dir='ltr'><strong>illis</strong></span> <span class='ocrx_word' id='word_1_113' title='bbox 749 1873 1154 1958; x_wconf 82' lang='lat' dir='ltr'><strong>temporibus</strong></span> <span class='ocrx_word' id='word_1_114' title='bbox 1193 1893 1325 1939; x_wconf 87' lang='lat' dir='ltr'><strong>non</strong></span> <span class='ocrx_word' id='word_1_115' title='bbox 1352 1875 1646 1957; x_wconf 87' lang='lat' dir='ltr'><strong>vulgaris</strong></span> <span class='ocrx_word' id='word_1_116' title='bbox 1671 1875 1883 1939; x_wconf 87' lang='lat' dir='ltr'><strong>fuisse</strong></span> <span class='ocrx_word' id='word_1_117' title='bbox 1924 1873 2288 1938; x_wconf 81' lang='lat' dir='ltr'><strong>censendus</strong></span> <span class='ocrx_word' id='word_1_118' title='bbox 2318 1880 2445 1938; x_wconf 88' lang='lat' dir='ltr'><strong>est.</strong></span> 
     </span>
     <span class='ocr_line' id='line_1_16' title="bbox 157 1970 2447 2062; baseline 0.003 -26"><span class='ocrx_word' id='word_1_119' title='bbox 157 2058 164 2062; x_wconf 31' lang='grc'>-</span> <span class='ocrx_word' id='word_1_120' title='bbox 256 1970 495 2037; x_wconf 89' lang='lat' dir='ltr'><strong>Eadem</strong></span> <span class='ocrx_word' id='word_1_121' title='bbox 526 1973 844 2040; x_wconf 87' lang='lat' dir='ltr'><strong>facultate</strong></span> <span class='ocrx_word' id='word_1_122' title='bbox 891 1974 1156 2059; x_wconf 71' lang='lat' dir='ltr'><strong>poetica</strong></span> <span class='ocrx_word' id='word_1_123' title='bbox 1200 1977 1441 2042; x_wconf 86' lang='lat' dir='ltr'><strong>multos</strong></span> <span class='ocrx_word' id='word_1_124' title='bbox 1468 1983 1790 2061; x_wconf 81' lang='lat' dir='ltr'><strong>praeterea</strong></span> <span class='ocrx_word' id='word_1_125' title='bbox 1819 1979 1950 2043; x_wconf 83' lang='lat' dir='ltr'><strong>sibi</strong></span> <span class='ocrx_word' id='word_1_126' title='bbox 1994 1997 2302 2061; x_wconf 78' lang='lat' dir='ltr'><strong>proceres</strong></span> <span class='ocrx_word' id='word_1_127' title='bbox 2330 1977 2447 2042; x_wconf 73' lang='lat' dir='ltr'><strong>de-</strong></span> 
     </span>
     <span class='ocr_line' id='line_1_17' title="bbox 254 2075 2449 2165; baseline 0.002 -24"><span class='ocrx_word' id='word_1_128' title='bbox 254 2075 483 2155; x_wconf 84' lang='lat' dir='ltr'><strong>vinxit,</strong></span> <span class='ocrx_word' id='word_1_129' title='bbox 530 2082 609 2142; x_wconf 90' lang='lat' dir='ltr'><strong>ut</strong></span> <span class='ocrx_word' id='word_1_130' title='bbox 638 2077 998 2143; x_wconf 90' lang='lat' dir='ltr'><strong>Probinum</strong></span> <span class='ocrx_word' id='word_1_131' title='bbox 1030 2087 1100 2144; x_wconf 87' lang='lat' dir='ltr'><strong>et</strong></span> <span class='ocrx_word' id='word_1_132' title='bbox 1142 2078 1498 2163; x_wconf 86' lang='lat' dir='ltr'><strong>Olybrium</strong></span> <span class='ocrx_word' id='word_1_133' title='bbox 1541 2081 1847 2165; x_wconf 62' lang='lat' dir='ltr'><strong>juvenes),</strong></span> <span class='ocrx_word' id='word_1_134' title='bbox 1895 2079 2204 2145; x_wconf 85' lang='lat' dir='ltr'><strong>Mallium</strong></span> <span class='ocrx_word' id='word_1_135' title='bbox 2230 2080 2449 2146; x_wconf 84' lang='lat' dir='ltr'><strong>Theo-</strong></span> 
     </span>
     <span class='ocr_line' id='line_1_18' title="bbox 254 2175 2449 2268; baseline 0.003 -27"><span class='ocrx_word' id='word_1_136' title='bbox 254 2175 498 2258; x_wconf 82' lang='lat' dir='ltr'><strong>dorum,</strong></span> <span class='ocrx_word' id='word_1_137' title='bbox 549 2179 999 2262; x_wconf 84' lang='lat' dir='ltr'><strong>Gennadium,</strong></span> <span class='ocrx_word' id='word_1_138' title='bbox 1031 2202 1202 2267; x_wconf 88' lang='lat' dir='ltr'><strong>quos</strong></span> <span class='ocrx_word' id='word_1_139' title='bbox 1220 2185 1430 2249; x_wconf 85' lang='lat' dir='ltr'><strong>etiam</strong></span> <span class='ocrx_word' id='word_1_140' title='bbox 1476 2185 1548 2249; x_wconf 86' lang='lat' dir='ltr'><strong>in</strong></span> <span class='ocrx_word' id='word_1_141' title='bbox 1589 2184 1902 2268; x_wconf 83' lang='lat' dir='ltr'><strong>epistolis</strong></span> <span class='ocrx_word' id='word_1_142' title='bbox 1946 2184 2117 2247; x_wconf 86' lang='lat' dir='ltr'><strong>satis</strong></span> <span class='ocrx_word' id='word_1_143' title='bbox 2162 2183 2449 2248; x_wconf 59' lang='lat' dir='ltr'><strong>familia-⁶</strong></span> 
     </span>
     <span class='ocr_line' id='line_1_19' title="bbox 255 2279 2449 2371; baseline 0.004 -28"><span class='ocrx_word' id='word_1_144' title='bbox 255 2279 393 2344; x_wconf 87' lang='lat' dir='ltr'><strong>riter</strong></span> <span class='ocrx_word' id='word_1_145' title='bbox 421 2286 691 2353; x_wconf 75' lang='lat' dir='ltr'><strong>tractat,</strong></span> <span class='ocrx_word' id='word_1_146' title='bbox 766 2283 872 2361; x_wconf 85' lang='lat' dir='ltr'><strong>De</strong></span> <span class='ocrx_word' id='word_1_147' title='bbox 899 2284 1006 2362; x_wconf 90' lang='lat' dir='ltr'><strong>iis,</strong></span> <span class='ocrx_word' id='word_1_148' title='bbox 1031 2304 1186 2369; x_wconf 83' lang='lat' dir='ltr'><strong>quae</strong></span> <span class='ocrx_word' id='word_1_149' title='bbox 1214 2293 1372 2368; x_wconf 87' lang='lat' dir='ltr'><strong>post</strong></span> <span class='ocrx_word' id='word_1_150' title='bbox 1403 2286 1784 2353; x_wconf 85' lang='lat' dir='ltr'><strong>Stilichonis</strong></span> <span class='ocrx_word' id='word_1_151' title='bbox 1817 2286 2093 2364; x_wconf 76' lang='lat' dir='ltr'><strong>caedem,</strong></span> <span class='ocrx_word' id='word_1_152' title='bbox 2110 2284 2449 2371; x_wconf 79' lang='lat' dir='ltr'><strong>(interfec-</strong></span> 
     </span>
     <span class='ocr_line' id='line_1_20' title="bbox 258 2384 2453 2472; baseline 0.004 -25"><span class='ocrx_word' id='word_1_153' title='bbox 258 2388 352 2448; x_wconf 87' lang='lat' dir='ltr'><strong>tus</strong></span> <span class='ocrx_word' id='word_1_154' title='bbox 377 2391 608 2450; x_wconf 87' lang='lat' dir='ltr'><strong>autem</strong></span> <span class='ocrx_word' id='word_1_155' title='bbox 625 2392 727 2452; x_wconf 90' lang='lat' dir='ltr'><strong>est</strong></span> <span class='ocrx_word' id='word_1_156' title='bbox 748 2385 838 2451; x_wconf 87' lang='lat' dir='ltr'><strong>A.</strong></span> <span class='ocrx_word' id='word_1_157' title='bbox 865 2385 946 2453; x_wconf 89' lang='lat' dir='ltr'><strong>C.</strong></span> <span class='ocrx_word' id='word_1_158' title='bbox 970 2384 1161 2472; x_wconf 82' lang='lat'><strong>408.)</strong></span> <span class='ocrx_word' id='word_1_159' title='bbox 1192 2386 1568 2457; x_wconf 88' lang='lat' dir='ltr'><strong>Claudiano</strong></span> <span class='ocrx_word' id='word_1_160' title='bbox 1592 2390 1971 2467; x_wconf 80' lang='lat' dir='ltr'><strong>acciderint,</strong></span> <span class='ocrx_word' id='word_1_161' title='bbox 1989 2389 2157 2454; x_wconf 87' lang='lat' dir='ltr'><strong>nihil</strong></span> <span class='ocrx_word' id='word_1_162' title='bbox 2181 2390 2453 2456; x_wconf 80' lang='lat' dir='ltr'><strong>omnino</strong></span> 
     </span>
     <span class='ocr_line' id='line_1_21' title="bbox 254 2490 2449 2578; baseline 0.003 -26"><span class='ocrx_word' id='word_1_163' title='bbox 254 2490 588 2554; x_wconf 79' lang='lat' dir='ltr'><strong>memoriae</strong></span> <span class='ocrx_word' id='word_1_164' title='bbox 635 2500 738 2555; x_wconf 87' lang='lat' dir='ltr'><strong>est</strong></span> <span class='ocrx_word' id='word_1_165' title='bbox 782 2492 1138 2575; x_wconf 86' lang='lat' dir='ltr'><strong>proditum.</strong></span> <span class='ocrx_word' id='word_1_166' title='bbox 1226 2491 1388 2558; x_wconf 90' lang='lat' dir='ltr'><strong>Alia</strong></span> <span class='ocrx_word' id='word_1_167' title='bbox 1445 2496 1738 2578; x_wconf 82' lang='lat' dir='ltr'><strong>quaestio</strong></span> <span class='ocrx_word' id='word_1_168' title='bbox 1790 2495 2079 2560; x_wconf 89' lang='lat' dir='ltr'><strong>eruditos</strong></span> <span class='ocrx_word' id='word_1_169' title='bbox 2123 2493 2449 2572; x_wconf 83' lang='lat' dir='ltr'><strong>exercuit,</strong></span> 
     </span>
     <span class='ocr_line' id='line_1_22' title="bbox 254 2592 2447 2673; baseline 0.002 -17"><span class='ocrx_word' id='word_1_170' title='bbox 254 2596 463 2666; x_wconf 84' lang='lat' dir='ltr'><strong>utrum</strong></span> <span class='ocrx_word' id='word_1_171' title='bbox 494 2593 911 2659; x_wconf 86' lang='lat' dir='ltr'><strong>Claudianus</strong></span> <span class='ocrx_word' id='word_1_172' title='bbox 939 2594 1154 2659; x_wconf 89' lang='lat' dir='ltr'><strong>sacris</strong></span> <span class='ocrx_word' id='word_1_173' title='bbox 1183 2592 1573 2660; x_wconf 82' lang='lat' dir='ltr'><strong>Christianis</strong></span> <span class='ocrx_word' id='word_1_174' title='bbox 1601 2597 1897 2662; x_wconf 82' lang='lat' dir='ltr'><strong>initiatus</strong></span> <span class='ocrx_word' id='word_1_175' title='bbox 1926 2596 2145 2673; x_wconf 84' lang='lat' dir='ltr'><strong>fuerit,</strong></span> <span class='ocrx_word' id='word_1_176' title='bbox 2188 2615 2313 2661; x_wconf 87' lang='lat' dir='ltr'><strong>nec</strong></span> <span class='ocrx_word' id='word_1_177' title='bbox 2329 2611 2447 2664; x_wconf 39' lang='lat'><strong>„1164</strong></span> 
     </span>
     <span class='ocr_line' id='line_1_23' title="bbox 257 2694 2454 2783; baseline 0.001 -25"><span class='ocrx_word' id='word_1_178' title='bbox 257 2694 615 2761; x_wconf 86' lang='lat' dir='ltr'><strong>Probabile</strong></span> <span class='ocrx_word' id='word_1_179' title='bbox 640 2696 912 2782; x_wconf 89' lang='lat' dir='ltr'><strong>quidem</strong></span> <span class='ocrx_word' id='word_1_180' title='bbox 933 2695 1213 2776; x_wconf 86' lang='lat' dir='ltr'><strong>videtur,</strong></span> <span class='ocrx_word' id='word_1_181' title='bbox 1238 2717 1394 2762; x_wconf 90' lang='lat' dir='ltr'><strong>cum</strong></span> <span class='ocrx_word' id='word_1_182' title='bbox 1413 2697 1861 2783; x_wconf 86' lang='lat' dir='ltr'><strong>Imperatores</strong></span> <span class='ocrx_word' id='word_1_183' title='bbox 1888 2717 2041 2766; x_wconf 90' lang='lat' dir='ltr'><strong>cum</strong></span> <span class='ocrx_word' id='word_1_184' title='bbox 2066 2698 2454 2782; x_wconf 83' lang='lat' dir='ltr'><strong>proceribus</strong></span> 
     </span>
     <span class='ocr_line' id='line_1_24' title="bbox 253 2796 2453 2885; baseline 0.002 -26"><span class='ocrx_word' id='word_1_185' title='bbox 253 2796 536 2884; x_wconf 86' lang='lat' dir='ltr'><strong>plurium</strong></span> <span class='ocrx_word' id='word_1_186' title='bbox 567 2800 869 2865; x_wconf 85' lang='lat' dir='ltr'><strong>Deorum</strong></span> <span class='ocrx_word' id='word_1_187' title='bbox 898 2800 1079 2867; x_wconf 90' lang='lat' dir='ltr'><strong>cultu</strong></span> <span class='ocrx_word' id='word_1_188' title='bbox 1098 2800 1438 2871; x_wconf 89' lang='lat' dir='ltr'><strong>abdicato</strong></span> <span class='ocrx_word' id='word_1_189' title='bbox 1468 2802 1555 2866; x_wconf 88' lang='lat' dir='ltr'><strong>ad</strong></span> <span class='ocrx_word' id='word_1_190' title='bbox 1596 2801 1932 2885; x_wconf 77' lang='lat' dir='ltr'><strong>puriorem</strong></span> <span class='ocrx_word' id='word_1_191' title='bbox 1967 2799 2350 2883; x_wconf 83' lang='lat' dir='ltr'><strong>religionem</strong></span> <span class='ocrx_word' id='word_1_192' title='bbox 2370 2819 2453 2865; x_wconf 86' lang='lat' dir='ltr'><strong>se</strong></span> 
     </span>
     <span class='ocr_line' id='line_1_25' title="bbox 254 2903 2454 3017; baseline 0 -50"><span class='ocrx_word' id='word_1_193' title='bbox 254 2904 756 3017; x_wconf 71' lang='lat' dir='ltr'><strong>transtulissent,</strong></span> <span class='ocrx_word' id='word_1_194' title='bbox 773 2905 1050 2990; x_wconf 86' lang='lat' dir='ltr'><strong>jamque</strong></span> <span class='ocrx_word' id='word_1_195' title='bbox 1072 2904 1494 2970; x_wconf 86' lang='lat' dir='ltr'><strong>sacerdotum</strong></span> <span class='ocrx_word' id='word_1_196' title='bbox 1521 2905 1841 2972; x_wconf 87' lang='lat' dir='ltr'><strong>instinctu</strong></span> <span class='ocrx_word' id='word_1_197' title='bbox 1868 2909 2125 2969; x_wconf 83' lang='lat' dir='ltr'><strong>veteres</strong></span> <span class='ocrx_word' id='word_1_198' title='bbox 2153 2903 2454 2969; x_wconf 76' lang='lat' dir='ltr'><strong>caerimo-</strong></span> 
     </span>
    </p>

    <p class='ocr_par' dir='ltr' id='par_1_5' title="bbox 254 3005 2455 3195">
     <span class='ocr_line' id='line_1_26' title="bbox 254 3005 2455 3092; baseline 0 -22"><span class='ocrx_word' id='word_1_199' title='bbox 254 3008 711 3090; x_wconf 65' lang='lat' dir='ltr'><strong>nfflS,quibus</strong></span> <span class='ocrx_word' id='word_1_200' title='bbox 742 3014 905 3074; x_wconf 81' lang='lat' dir='ltr'><strong>ante</strong></span> <span class='ocrx_word' id='word_1_201' title='bbox 949 3007 1205 3078; x_wconf 84' lang='lat' dir='ltr'><strong>fuerant</strong></span> <span class='ocrx_word' id='word_1_202' title='bbox 1229 3008 1504 3085; x_wconf 85' lang='lat' dir='ltr'><strong>addicti,</strong></span> <span class='ocrx_word' id='word_1_203' title='bbox 1548 3009 1791 3092; x_wconf 87' lang='lat' dir='ltr'><strong>partim</strong></span> <span class='ocrx_word' id='word_1_204' title='bbox 1821 3005 2455 3072; x_wconf 71' lang='lat' dir='ltr'><strong>circumscribendos</strong></span> 
     </span>
     <span class='ocr_line' id='line_1_27' title="bbox 252 3055 2455 3195; baseline 0.001 -25.005"><span class='ocrx_word' id='word_1_205' title='bbox 252 3055 507 3190; x_wconf 77' lang='lat' dir='ltr'><strong>partim</strong></span> <span class='ocrx_word' id='word_1_206' title='bbox 517 3108 845 3176; x_wconf 87' lang='lat' dir='ltr'><strong>tollendas</strong></span> <span class='ocrx_word' id='word_1_207' title='bbox 871 3117 1192 3189; x_wconf 78' lang='lat' dir='ltr'><strong>curarent,</strong></span> <span class='ocrx_word' id='word_1_208' title='bbox 1206 3113 1424 3178; x_wconf 86' lang='lat' dir='ltr'><strong>etiam</strong></span> <span class='ocrx_word' id='word_1_209' title='bbox 1450 3110 1717 3195; x_wconf 80' lang='lat' dir='ltr'><strong>poetam</strong></span> <span class='ocrx_word' id='word_1_210' title='bbox 1745 3112 1814 3176; x_wconf 90' lang='lat' dir='ltr'><strong>in</strong></span> <span class='ocrx_word' id='word_1_211' title='bbox 1835 3108 2191 3175; x_wconf 83' lang='lat' dir='ltr'><strong>retinendis</strong></span> <span class='ocrx_word' id='word_1_212' title='bbox 2217 3108 2455 3173; x_wconf 82' lang='lat' dir='ltr'><strong>ritibus</strong></span> 
     </span>
    </p>
   </div>
   <div class='ocr_carea' id='block_1_5' title="bbox 148 3211 2457 3297">
    <p class='ocr_par' dir='ltr' id='par_1_6' title="bbox 148 3211 2457 3297">
     <span class='ocr_line' id='line_1_28' title="bbox 148 3211 2457 3297; baseline -0 -22"><span class='ocrx_word' id='word_1_213' title='bbox 148 3285 169 3290; x_wconf 64' lang='lat'><strong><em>„</em></strong></span> <span class='ocrx_word' id='word_1_214' title='bbox 256 3211 559 3292; x_wconf 79' lang='lat' dir='ltr'><strong>pristinis</strong></span> <span class='ocrx_word' id='word_1_215' title='bbox 573 3231 710 3277; x_wconf 87' lang='grc' dir='ltr'>ιιοιι</span> <span class='ocrx_word' id='word_1_216' title='bbox 752 3213 962 3278; x_wconf 87' lang='lat' dir='ltr'><strong>fuisse</strong></span> <span class='ocrx_word' id='word_1_217' title='bbox 989 3216 1434 3297; x_wconf 86' lang='lat' dir='ltr'><strong>pervicacem,</strong></span> <span class='ocrx_word' id='word_1_218' title='bbox 1481 3214 1600 3292; x_wconf 83' lang='lat' dir='ltr'><strong>sed</strong></span> <span class='ocrx_word' id='word_1_219' title='bbox 1624 3214 1874 3278; x_wconf 85' lang='lat' dir='ltr'><strong>lubenti</strong></span> <span class='ocrx_word' id='word_1_220' title='bbox 1915 3213 2139 3278; x_wconf 89' lang='lat' dir='ltr'><strong>animo</strong></span> <span class='ocrx_word' id='word_1_221' title='bbox 2168 3212 2254 3276; x_wconf 87' lang='lat' dir='ltr'><strong>ad</strong></span> <span class='ocrx_word' id='word_1_222' title='bbox 2282 3229 2457 3275; x_wconf 80' lang='lat' dir='ltr'><strong>nova</strong></span> 
     </span>
    </p>
   </div>
   <div class='ocr_carea' id='block_1_6' title="bbox 258 3314 2468 4330">
    <p class='ocr_par' dir='ltr' id='par_1_7' title="bbox 258 3314 2464 4324">
     <span class='ocr_line' id='line_1_29' title="bbox 259 3314 2456 3401; baseline -0 -23"><span class='ocrx_word' id='word_1_223' title='bbox 259 3334 444 3379; x_wconf 89' lang='lat' dir='ltr'><strong>sacra</strong></span> <span class='ocrx_word' id='word_1_224' title='bbox 474 3335 557 3386; x_wconf 84' lang='lat' dir='ltr'><strong>se.</strong></span> <span class='ocrx_word' id='word_1_225' title='bbox 596 3318 975 3393; x_wconf 75' lang='lat' dir='ltr'><strong>contulisse,</strong></span> <span class='ocrx_word' id='word_1_226' title='bbox 1019 3323 1101 3388; x_wconf 85' lang='lat' dir='ltr'><strong>ut</strong></span> <span class='ocrx_word' id='word_1_227' title='bbox 1133 3318 1413 3401; x_wconf 86' lang='lat' dir='ltr'><strong>gratiam</strong></span> <span class='ocrx_word' id='word_1_228' title='bbox 1443 3316 1871 3401; x_wconf 85' lang='lat' dir='ltr'><strong>Imperatoris</strong></span> <span class='ocrx_word' id='word_1_229' title='bbox 1900 3322 1967 3382; x_wconf 92' lang='lat' dir='ltr'><strong>et</strong></span> <span class='ocrx_word' id='word_1_230' title='bbox 2009 3314 2456 3396; x_wconf 68' lang='lat' dir='ltr'><strong>sacerdotum,</strong></span> 
     </span>
     <span class='ocr_line' id='line_1_30' title="bbox 258 3415 2455 3516; baseline -0.004 -28"><span class='ocrx_word' id='word_1_231' title='bbox 258 3418 366 3499; x_wconf 82' lang='lat' dir='ltr'><strong>qui</strong></span> <span class='ocrx_word' id='word_1_232' title='bbox 409 3418 565 3503; x_wconf 82' lang='lat' dir='ltr'><strong>jam</strong></span> <span class='ocrx_word' id='word_1_233' title='bbox 610 3424 748 3488; x_wconf 86' lang='lat' dir='ltr'><strong>tum</strong></span> <span class='ocrx_word' id='word_1_234' title='bbox 791 3440 1069 3503; x_wconf 81' lang='lat' dir='ltr'><strong>magnos</strong></span> <span class='ocrx_word' id='word_1_235' title='bbox 1112 3422 1383 3503; x_wconf 77' lang='lat' dir='ltr'><strong>spiritus</strong></span> <span class='ocrx_word' id='word_1_236' title='bbox 1431 3440 1693 3486; x_wconf 84' lang='lat' dir='ltr'><strong>sumere</strong></span> <span class='ocrx_word' id='word_1_237' title='bbox 1735 3426 2113 3504; x_wconf 77' lang='lat' dir='ltr'><strong>coeperant,</strong></span> <span class='ocrx_word' id='word_1_238' title='bbox 2166 3418 2275 3516; x_wconf 63' lang='grc' dir='ltr'>ιζο]</span> <span class='ocrx_word' id='word_1_239' title='bbox 2309 3415 2455 3479; x_wconf 72' lang='lat' dir='ltr'><strong>—hoc</strong></span> 
     </span>
     <span class='ocr_line' id='line_1_31' title="bbox 258 3520 2458 3605; baseline -0.001 -21"><span class='ocrx_word' id='word_1_240' title='bbox 258 3523 519 3588; x_wconf 84' lang='lat' dir='ltr'><strong>nomine</strong></span> <span class='ocrx_word' id='word_1_241' title='bbox 546 3522 757 3598; x_wconf 81' lang='lat' dir='ltr'><strong>iniret.</strong></span> <span class='ocrx_word' id='word_1_242' title='bbox 848 3523 986 3588; x_wconf 89' lang='lat' dir='ltr'><strong>Sed</strong></span> <span class='ocrx_word' id='word_1_243' title='bbox 1030 3521 1395 3605; x_wconf 84' lang='lat' dir='ltr'><strong>Augustini</strong></span> <span class='ocrx_word' id='word_1_244' title='bbox 1436 3529 1504 3588; x_wconf 90' lang='lat' dir='ltr'><strong>et</strong></span> <span class='ocrx_word' id='word_1_245' title='bbox 1531 3520 1759 3587; x_wconf 89' lang='lat' dir='ltr'><strong>Orosii</strong></span> <span class='ocrx_word' id='word_1_246' title='bbox 1796 3522 2175 3587; x_wconf 85' lang='lat' dir='ltr'><strong>testimonia</strong></span> <span class='ocrx_word' id='word_1_247' title='bbox 2203 3523 2458 3584; x_wconf 83' lang='lat' dir='ltr'><strong>contra·</strong></span> 
     </span>
     <span class='ocr_line' id='line_1_32' title="bbox 261 3619 2460 3709; baseline 0 -24"><span class='ocrx_word' id='word_1_248' title='bbox 261 3621 419 3696; x_wconf 85' lang='lat' dir='ltr'><strong>rium</strong></span> <span class='ocrx_word' id='word_1_249' title='bbox 474 3623 846 3706; x_wconf 85' lang='lat' dir='ltr'><strong>perhibent,</strong></span> <span class='ocrx_word' id='word_1_250' title='bbox 901 3644 1184 3708; x_wconf 72' lang='lat' dir='ltr'><strong>quorum</strong></span> <span class='ocrx_word' id='word_1_251' title='bbox 1233 3626 1351 3694; x_wconf 85' lang='lat' dir='ltr'><strong>ille</strong></span> <span class='ocrx_word' id='word_1_252' title='bbox 1399 3624 1676 3709; x_wconf 65' lang='lat' dir='ltr'><strong>politam</strong></span> <span class='ocrx_word' id='word_1_253' title='bbox 1719 3629 2020 3689; x_wconf 85' lang='lat' dir='ltr'><strong>nostrum</strong></span> <span class='ocrx_word' id='word_1_254' title='bbox 2073 3627 2094 3657; x_wconf 89' lang='lat'>‘</span> <span class='ocrx_word' id='word_1_255' title='bbox 2124 3641 2168 3687; x_wconf 89' lang='lat' dir='ltr'><strong>a</strong></span> <span class='ocrx_word' id='word_1_256' title='bbox 2215 3619 2460 3686; x_wconf 84' lang='lat' dir='ltr'><strong>Christi</strong></span> 
     </span>
     <span class='ocr_line' id='line_1_33' title="bbox 262 3724 2458 3811; baseline -0.002 -21"><span class='ocrx_word' id='word_1_257' title='bbox 262 3726 523 3798; x_wconf 75' lang='lat' dir='ltr'><strong>nomine</strong></span> <span class='ocrx_word' id='word_1_258' title='bbox 544 3725 901 3804; x_wconf 51' lang='lat' dir='ltr'><strong>alienum}</strong></span> <span class='ocrx_word' id='word_1_259' title='bbox 922 3726 1034 3792; x_wconf 91' lang='lat' dir='ltr'><strong>hic</strong></span> <span class='ocrx_word' id='word_1_260' title='bbox 1064 3730 1085 3760; x_wconf 89' lang='lat'>‘</span> <span class='ocrx_word' id='word_1_261' title='bbox 1114 3728 1417 3811; x_wconf 83' lang='lat' dir='ltr'><strong>gentilem</strong></span> <span class='ocrx_word' id='word_1_262' title='bbox 1433 3724 2076 3811; x_wconf 85' lang='lat' dir='ltr'><strong>pervicacissimum’</strong></span> <span class='ocrx_word' id='word_1_263' title='bbox 2116 3724 2458 3801; x_wconf 82' lang='lat' dir='ltr'><strong>nominat3</strong></span> 
     </span>
     <span class='ocr_line' id='line_1_34' title="bbox 263 3828 2458 3913; baseline -0.004 -14"><span class='ocrx_word' id='word_1_264' title='bbox 263 3833 452 3912; x_wconf 63' lang='lat' dir='ltr'><strong>,atque</strong></span> <span class='ocrx_word' id='word_1_265' title='bbox 484 3829 576 3898; x_wconf 71' lang='lat' dir='ltr'><strong>in</strong></span> <span class='ocrx_word' id='word_1_266' title='bbox 616 3829 727 3893; x_wconf 10' lang='lat' dir='ltr'><strong>,his</strong></span> <span class='ocrx_word' id='word_1_267' title='bbox 777 3830 1339 3913; x_wconf 86' lang='lat' dir='ltr'><strong>acquiescendum</strong></span> <span class='ocrx_word' id='word_1_268' title='bbox 1386 3850 1535 3896; x_wconf 84' lang='lat' dir='ltr'><strong>esse</strong></span> <span class='ocrx_word' id='word_1_269' title='bbox 1589 3848 1852 3896; x_wconf 89' lang='lat' dir='ltr'><strong>censeo.</strong></span> <span class='ocrx_word' id='word_1_270' title='bbox 1943 3828 2235 3911; x_wconf 85' lang='lat' dir='ltr'><strong>Reliqua</strong></span> <span class='ocrx_word' id='word_1_271' title='bbox 2266 3845 2458 3908; x_wconf 66' lang='lat' dir='ltr'><strong>argu·</strong></span> 
     </span>
     <span class='ocr_line' id='line_1_35' title="bbox 266 3929 2463 4018; baseline -0.001 -23"><span class='ocrx_word' id='word_1_272' title='bbox 266 3937 498 4010; x_wconf 71' lang='lat' dir='ltr'><strong>menta,</strong></span> <span class='ocrx_word' id='word_1_273' title='bbox 550 3952 721 4016; x_wconf 19' lang='lat' dir='ltr'><strong>quae*</strong></span> <span class='ocrx_word' id='word_1_274' title='bbox 759 3931 1097 4000; x_wconf 88' lang='lat' dir='ltr'><strong>Gesnerus</strong></span> <span class='ocrx_word' id='word_1_275' title='bbox 1127 3953 1218 4000; x_wconf 84' lang='lat' dir='ltr'><strong>ex</strong></span> <span class='ocrx_word' id='word_1_276' title='bbox 1249 3934 1647 4000; x_wconf 85' lang='lat' dir='ltr'><strong>carminibus</strong></span> <span class='ocrx_word' id='word_1_277' title='bbox 1693 3933 1865 4018; x_wconf 85' lang='lat' dir='ltr'><strong>ipsis</strong></span> <span class='ocrx_word' id='word_1_278' title='bbox 1890 3932 2095 4010; x_wconf 87' lang='lat' dir='ltr'><strong>ducit,</strong></span> <span class='ocrx_word' id='word_1_279' title='bbox 2139 3929 2463 3995; x_wconf 84' lang='lat' dir='ltr'><strong>levissimi</strong></span> 
     </span>
     <span class='ocr_line' id='line_1_36' title="bbox 270 4030 2461 4118; baseline 0 -23"><span class='ocrx_word' id='word_1_280' title='bbox 270 4038 415 4104; x_wconf 78' lang='lat' dir='ltr'><strong>sunt</strong></span> <span class='ocrx_word' id='word_1_281' title='bbox 432 4034 778 4112; x_wconf 85' lang='lat' dir='ltr'><strong>momenti,</strong></span> <span class='ocrx_word' id='word_1_282' title='bbox 811 4039 930 4100; x_wconf 90' lang='lat' dir='ltr'><strong>aut</strong></span> <span class='ocrx_word' id='word_1_283' title='bbox 964 4036 1205 4117; x_wconf 81' lang='lat' dir='ltr'><strong>potius</strong></span> <span class='ocrx_word' id='word_1_284' title='bbox 1226 4034 1390 4099; x_wconf 90' lang='lat' dir='ltr'><strong>nihil</strong></span> <span class='ocrx_word' id='word_1_285' title='bbox 1418 4036 1734 4118; x_wconf 89' lang='lat' dir='ltr'><strong>probant;</strong></span> <span class='ocrx_word' id='word_1_286' title='bbox 1779 4033 2027 4099; x_wconf 81' lang='lat' dir='ltr'><strong>etenim</strong></span> <span class='ocrx_word' id='word_1_287' title='bbox 2052 4031 2211 4116; x_wconf 91' lang='lat' dir='ltr'><strong>quid</strong></span> <span class='ocrx_word' id='word_1_288' title='bbox 2238 4030 2461 4115; x_wconf 82' lang='lat' dir='ltr'><strong>probi</strong></span> 
     </span>
     <span class='ocr_line' id='line_1_37' title="bbox 268 4133 2462 4221; baseline -0.001 -19"><span class='ocrx_word' id='word_1_289' title='bbox 268 4133 435 4218; x_wconf 68' lang='lat' dir='ltr'><strong>beat,</strong></span> <span class='ocrx_word' id='word_1_290' title='bbox 469 4136 842 4220; x_wconf 86' lang='lat' dir='ltr'><strong>quominus</strong></span> <span class='ocrx_word' id='word_1_291' title='bbox 886 4135 993 4200; x_wconf 87' lang='lat' dir='ltr'><strong>vel</strong></span> <span class='ocrx_word' id='word_1_292' title='bbox 1026 4136 1511 4208; x_wconf 68' lang='lat' dir='ltr'><strong>sanctissimus</strong></span> <span class='ocrx_word' id='word_1_293' title='bbox 1561 4136 1767 4221; x_wconf 76' lang='lat' dir='ltr'><strong>poeta</strong></span> <span class='ocrx_word' id='word_1_294' title='bbox 1812 4143 2106 4201; x_wconf 87' lang='lat' dir='ltr'><strong>veterum</strong></span> <span class='ocrx_word' id='word_1_295' title='bbox 2148 4133 2462 4218; x_wconf 74' lang='lat' dir='ltr'><strong>loquendi</strong></span> 
     </span>
     <span class='ocr_line' id='line_1_38' title="bbox 274 4231 2468 4330; baseline 0.004 -31"><span class='ocrx_word' id='word_1_296' title='bbox 274 4235 561 4316; x_wconf 73' lang='lat' dir='ltr'><strong>formulis</strong></span> <span class='ocrx_word' id='word_1_297' title='bbox 588 4240 695 4311; x_wconf 74' lang='lat' dir='ltr'><strong>uti,</strong></span> <span class='ocrx_word' id='word_1_298' title='bbox 719 4231 978 4324; x_wconf 67' lang='lat' dir='ltr'><strong>possit?</strong></span> <span class='ocrx_word' id='word_1_299' title='bbox 1023 4236 1301 4319; x_wconf 85' lang='lat' dir='ltr'><strong>Contra,</strong></span> <span class='ocrx_word' id='word_1_300' title='bbox 1324 4239 1721 4330; x_wconf 72' lang='lat' dir='ltr'><strong>Christianae</strong></span> <span class='ocrx_word' id='word_1_301' title='bbox 1741 4238 2130 4324; x_wconf 81' lang='lat' dir='ltr'><strong>disciplinae</strong></span> <span class='ocrx_word' id='word_1_302' title='bbox 2138 4235 2468 4307; x_wconf 67' lang='lat' dir='ltr'><strong>asseclam</strong></span> 
     </span>
    </p>
   </div>
  </div>
 </body>
</html>
