2925 4928
433 403 568 475 658
1119 415 1237 468 οι..
1284 413 1718 468 anumANr
1768 416 1975 467 xxn.

435 564 531 636 Et
555 565 812 650 patrios
838 562 1016 628 idem
1046 562 1325 640 cineres,
1354 561 1771 647 collectaque
1803 568 2032 648 portat
2516 568 2642 635 415

436 667 791 752 Unguibus
823 687 986 734 ossa
1012 667 1169 752 pii8‚
1204 665 1483 750 Nilique
1515 667 1600 732 ad
1630 668 1851 733 littora
1876 666 2149 752 tendens

438 771 701 837 Unicus
729 775 1028 837 extremo
1063 770 1356 836 Phoenix
1385 770 1697 853 procedit
1725 771 1811 836 ab
1840 770 2022 836 Euro
2045 791 2064 852 ;

438 875 856 943 Conveniunt
884 875 1158 960 aquilae,
1191 880 1583 958 cunctaeque
1612 894 1698 939 ex
1731 875 1889 940 orbe
1919 875 2254 956 volucres,

439 978 538 1045 Ut
564 980 748 1045 Solis
779 981 1090 1046 mirentur
1118 998 1348 1044 avem:
1394 979 1633 1063 procul
1664 979 1860 1063 ignea
1885 980 2070 1058 lucet
2197 1051 2202 1058 ,

433 1082 630 1163 Ales,
662 1082 923 1150 odorati
955 1081 1252 1149 redolent
1280 1084 1392 1147 cui
1420 1084 1729 1149 cinnama
1756 1084 1953 1149 busti.
2038 1163 2044 1167 .
2519 1080 2649 1148 420

440 1187 592 1286 §ec
620 1189 832 1254 minor
861 1191 926 1252 in
957 1189 1136 1254 coelo
1171 1185 1415 1253 chorus
1444 1191 1584 1252 est:
1632 1188 1889 1254 exultat
1916 1193 2194 1272 uterque

437 1291 884 1369 TheudosiuS‚
917 1292 1210 1375 Divique
1235 1291 1353 1356 tui.
1444 1289 1563 1355 Sol
1593 1291 1743 1373 ipse
1773 1290 2113 1375 quadrigis

435 1392 615 1459 Vere
646 1397 981 1462 coronatis
1010 1395 1279 1478 dignum
1306 1394 1429 1459 tibi
1457 1401 1808 1479 praeparat
1839 1414 2108 1462 annum.

526 1497 651 1563 Est
677 1499 907 1582 ignota
936 1499 1190 1581 procul,
1216 1502 1590 1583 nostraeque
1617 1500 1944 1583 impervia
1969 1499 2199 1577 menti,

436 1702 567 1751 vat-it
589 1701 886 1763 juventutem
924 1716 1067 1750 suam
1092 1700 1268 1760 funere
1290 1700 1466 1764 feraci,
1501 1705 1551 1751 et
1590 1700 1690 1765 ipse
1717 1702 1825 1763 sert
1862 1702 2095 1765 unguibus
2114 1700 2216 1751 suis
2244 1700 2424 1750 cineres
2453 1697 2656 1764 patrios,

433 1771 487 1817 et
529 1779 631 1817 ossa
677 1772 985 1830 congregata,
1029 1771 1076 1816 et
1113 1766 1216 1816 iens
1257 1768 1319 1815 ad
1366 1766 1499 1830 ripas
1536 1767 1664 1830 Nili,
1704 1769 1829 1817 venit
1881 1768 1940 1817 ab
1981 1768 2179 1817 Oriente
2215 1766 2417 1823 ultimo3
2459 1765 2653 1829 Aquiloe

436 1832 697 1896 confluunt,
746 1839 795 1882 et
838 1848 947 1882 aves
986 1847 1140 1881 omnes
1194 1847 1256 1881 ex
1315 1831 1447 1881 Orbe
1499 1833 1757 1897 universo,
1790 1838 1849 1883 ut
1902 1833 2161 1898 suspiciant
2227 1832 2457 1881 volucrem
2515 1830 2658 1882 Solis.

434 1897 560 1948 Avis
575 1898 802 1963 flammea
834 1898 1056 1948 Pboenix
1099 1898 1242 1947 micat
1277 1898 1432 1960 louge,
1476 1912 1572 1961 pro
1614 1913 1707 1962 qua
1740 1898 1958 1948 cinnama
1999 1899 2109 1961 rogi
2146 1897 2373 1957 odoriferi
2403 1895 2658 1959 fragrant.

438 1963 604 2028 Neque
638 1978 760 2013 vero
808 1964 1042 2025 gaudium
1087 1963 1241 2012 minus
1282 1968 1352 2012 est
1405 1962 1456 2012 in
1510 1965 1655 2013 Coelo.
1739 1963 1892 2013 Ambo
1940 1963 2191 2014 Theodosii
2244 1961 2561 2039 triumphant,
2612 1965 2657 2009 et

438 2028 532 2079 Dii
571 2029 801 2094 Majores
841 2029 933 2078 tui.
1000 2029 1107 2092 Ipse
1148 2028 1233 2078 Sol
1271 2027 1405 2092 equis
1442 2028 1681 2078 redimitis
1719 2026 1848 2080 flore
1890 2044 2032 2079 verno
2073 2032 2313 2093 preparat
2350 2026 2442 2076 ube·
2485 2040 2660 2075 annum

437 2094 675 2146 mer-itum.
742 2095 927 2145 Parem
961 2094 1158 2144 rancida
1177 2103 1406 2144 annorum
1424 2099 1498 2143 est
1520 2096 1658 2157 longe
1685 2094 1949 2160 incognita,
1971 2100 2019 2144 et
2048 2095 2280 2144 inaccessa
2301 2092 2475 2143 animis
2498 2092 2658 2141 huma-

1370 2245 1428 2265 00
1429 2246 1731 2267 OOOOOOOO

437 2367 588 2420 Med.
623 2368 728 2419 inc.
749 2369 936 2420 Heius.
971 2371 1095 2422 Put.
1118 2372 1306 2422 Petav.
1347 2387 1453 2424 sec.
1497 2376 1699 2426 Bonon.
1722 2376 1932 2425 Tholos.
1973 2374 2167 2425 Moret.
2204 2388 2310 2425 sec.
2343 2373 2455 2424 'duo
2478 2371 2664 2432 Ambr.

439 2435 572 2486 Exc.
596 2435 815 2487 Gevart.
835 2437 1075 2488 collectam
1094 2435 1277 2488 Ambr.
1318 2452 1397 2502 pr.
1431 2454 1503 2491 m.
1540 2455 1622 2506 pr.
1644 2440 1906 2502 jocundam
1933 2442 2056 2491 Pat.
2079 2442 2205 2491 Var.
2231 2440 2337 2490 LL.
2376 2434 2663 2490 ed.’Antv.

437 2501 542 2551 vita
564 2502 812 2563 juventam
834 2502 957 2552 Pat.
998 2514 1124 2553 more
1145 2517 1243 2567 pro
1281 2510 1429 2555 morte
1450 2506 1628 2556 Oxon.
1673 2523 1775 2557 sec.
1814 2523 1884 2557 m.
1922 2511 2188 2558 sem—415
2222 2505 2377 2569 patris
2399 2504 2541 2555 dnn.
2583 2520 2662 2569 pr.

432 2572 632 2630 portans
655 2567 794 2617 Prie.
836 2573 1031 2631 portant
1052 2570 1176 2618 Vat.
1201 2576 1372 2634 quart.
1410 2577 1570 2621 servat
1608 2574 1731 2623 Vat.
1765 2579 1890 2623 tert.
1927 2589 1998 2623 m.
2032 2575 2279 2636 piu—416
2311 2571 2517 2620 tendens
2537 2570 2659 2618 Vat.

441 2639 562 2682 tert.
587 2633 701 2682 Pal.
725 2634 874 2682 Fara.
898 2633 1041 2683 Prie.
1068 2634 1217 2685 Rott.
1242 2635 1344 2684 duo
1367 2637 1514 2687 Med.
1536 2638 1734 2688 Thuan.
1752 2638 1875 2689 Jun.
1901 2653 1980 2703 pr.
2005 2644 2109 2688 vet.
2135 2638 2264 2701 Gyr.
2288 2638 2419 2685 Exc.
2445 2636 2665 2685 Lucens.

441 2711 520 2761 pr.
563 2699 647 2747 ed.
669 2699 844 2748 Vicet.
884 2701 1075 2749 tandem
1112 2708 1336 2764 quatuor
1368 2702 1516 2753 Vatt.
1557 2704 1722 2754 Oisel.
1761 2704 1893 2754 Exc.
1929 2704 2079 2753 Laeti.
2115 2705 2305 2752 tandem
2343 2702 2428 2750 ve!
2469 2702 2668 2750 tendens

440 2763 674 2813 Florent.
696 2763 871 2813 Oxon.
894 2768 1163 2814 sem—417
1197 2767 1385 2815 tandem
1416 2769 1636 2831 procedit
1657 2768 1841 2819 Ambr.
1878 2783 1957 2833 pr.
1991 2771 2213 2832 procedat
2237 2766 2402 2816 Oisel.
2436 2765 2668 2828 processit

437 2827 564 2878 vat.
587 2829 751 2893 quint.
785 2829 1069 2879 Pan—419
1103 2831 1226 2880 ludit
1244 2832 1541 2893 Reg.-—420
1558 2833 1746 2884 adorati
1772 2834 1970 2884 Bonon.
1983 2834 2185 2883 Tholos.
2204 2834 2402 2881 redeunt
2422 2832 2547 2881 Pat.
2564 2845 2668 2880 cum

438 2892 656 2943 cinnama
673 2894 816 2943 Med.
829 2901 995 2958 quart.
1008 2900 1055 2944 et
1072 2896 1289 2945 cinnama
1302 2898 1421 2948 Vat.
1437 2913 1517 2962 pr.
1535 2907 1589 2949 et
1606 2905 1725 2949 tert.
1735 2898 1824 2948 tibi
1845 2899 1925 2950 vel
1942 2900 2017 2949 cui
2028 2899 2199 2949 Oxon.
2217 2900 2494 2947 sem—421
2511 2896 2670 2944 πιίιιιιε

438 2956 625 3007 Ambr.
650 2964 921 3009 eece—422
949 2960 1227 3010 Theodosius
1258 2961 1359 3011 duo
1383 2963 1566 3014 Leidd.
1591 2964 1805 3014 totidem
1830 2964 1999 3014 Oxou.
2020 2965 2055 3016 J
2062 2979 2145 3014 un.
2186 2978 2266 3027 pr.
2299 2962 2543 3011 Floreat.
2566 2961 2668 3010 inc.

441 3021 630 3073 Heius.
648 3029 868 3087 quatuor
890 3025 1031 3074 Med.
1056 3027 1183 3075 Put.
1206 3027 1334 3088 Reg.
1349 3028 1545 3078 Thuan.
1564 3030 1760 3080 Mazar.
1779 3028 1959 3079 Ambr.
1974 3044 2053 3092 pr.
2074 3037 2179 3078 tres
2199 3030 2386 3077 Petav.
2404 3027 2543 3075 Exc.
2567 3027 2672 3075 Lu·

442 3100 585 3137 cens.
602 3102 681 3150 pr.
696 3089 777 3138 ed.
790 3090 962 3139 Vicet.
984 3090 1216 3153 Divisque
1236 3093 1334 3140 suis
1348 3093 1508 3143 Farn.
1527 3095 1813 3158 Domim'que
1832 3096 1911 3143 vel
1924 3095 2132 3158 Divique
2146 3094 2317 3144 Oxon.
2337 3106 2441 3142 sec.
2458 3093 2670 3140 sollenne

483 3166 542 3200 ro
581 3154 650 3202 sol
683 3154 783 3216 ipse
823 3155 940 3204 Pat.
975 3156 1231 3217 quadrigas
1248 3157 1372 3205 Vat.
1415 3172 1520 3209 sec.
1556 3175 1623 3209 m.
1651 3164 1890 3223 pr.—423
1923 3165 2171 3209 coronatus
2196 3159 2319 3208 Vat.
2358 3171 2442 3221 pr.
2469 3156 2664 3220 Isingr.

494 3217 837 3282 ulm.Gryph.
860 3218 1026 3269 Colin.
1060 3221 1295 3271 coronatis
1329 3223 1561 3273 Florent.
1599 3232 1820 3289 quatuor
1856 3224 2000 3283 Med.
2037 3225 2138 3273 inc.
2162 3223 2344 3273 Heius,
2379 3222 2507 3271 Put.
2532 3223 2665 3286 Reg.

438 3282 634 3334 Tbuan.
673 3285 870 3334 Matar.
905 3286 1105 3335 Bonon.
1149 3286 1267 3336 Pat.
1301 3287 1450 3339 Vos8.
1503 3289 1628 3340 Lov.
1673 3290 1866 3340 Moret.
1914 3304 2020 3338 sec.
2077 3296 2187 3338 tres
2226 3287 2400 3337 Ambr.
2441 3287 2666 3336 totidem

442 3346 631 3400 Petav.
653 3347 776 3400 Ald.
797 3351 928 3401 Exc.
965 3351 1164 3402 Schott.
1201 3351 1417 3404 Gevart.
1452 3354 1674 3405 Lucens.
1712 3371 1790 3420 pr.
1829 3354 1915 3405 ed.
1937 3354 2108 3405 Vicet.
2134 3357 2360 3420 properat
2381 3350 2568 3402 Vicet.
2610 3357 2666 3401 et

1442 3497 1662 3549 NOTAE

507 3645 606 3692 419
639 3641 766 3693 Solis
796 3643 951 3707 avem]
996 3612 1302 3695 Pboenicem
1345 3646 1515 3696 instar
1594 3648 1853 3698 cineribus
1878 3664 1998 3699 mox
2022 3648 2123 3698 alia
2144 3645 2373 3696 nascitur
2395 3644 2524 3694 avis.
2579 3645 2668 3694 De

438 3718 576 3770 Solis
599 3726 869 3784 aternum,
892 3725 972 3771 vel
997 3721 1116 3788 qnia
1148 3722 1214 3772 ad
1243 3724 1415 3773 Solem
1453 3739 1511 3774 se
1594 3726 1842 3776 Pboenice
1866 3741 2074 3790 agemus
2107 3723 2268 3775 fusius
2307 3722 2359 3771 in
2384 3720 2666 3772 Claudiani

445 3798 732 3852 comburit.
796 3812 801 3819 ·
1592 3804 1759 3854 nostri
1797 3805 1972 3868 Eidyl.
2005 3818 2045 3852 r.

510 3876 686 3943 Ignea]
740 3877 868 3928 Avis
915 3894 981 3928 ex
1018 3882 1138 3942 igne
1183 3886 1325 3946 nata,
1360 3888 1414 3932 et
1442 3897 1510 3932 ex
1655 3885 1753 3931 422
1786 3881 1994 3943 Diuique
2016 3879 2114 3943 tui]
2148 3878 2385 3942 Majores
2419 3874 2498 3927 tui
2524 3876 2667 3926 inter

441 3950 598 4004 busto
636 3957 1000 4022 cineribusque
1024 3959 1226 4021 patriis.
1592 3960 1733 4009 Deos
1762 3959 1947 4019 relati;
1972 3959 2056 4007 vel
2089 3956 2238 4006 ambo
2260 3954 2562 4016 Theodosii,
2578 3951 2669 4019 qui

509 4034 606 4080 420
645 4033 897 4097 cinnama]
933 4035 1038 4083 Pro
1062 4048 1164 4099 qua
1201 4050 1296 4084 ave
1334 4035 1510 4085 cinna·
1594 4041 1713 4083 sunt
1731 4034 1823 4083 Dii
1847 4035 1942 4095 tui,
1964 4047 2054 4082 seu
2079 4048 2108 4081 a
2131 4038 2184 4081 te
2207 4031 2356 4081 culti.
2413 4029 2666 4096 Legimus

443 4118 531 4157 ma
553 4113 607 4156 et
629 4108 768 4171 ligna
789 4109 1051 4160 odorifera
1071 4109 1328 4175 fragrant,
1348 4113 1426 4161 his
1448 4113 1515 4162 si·
1595 4111 1649 4161 in
1672 4110 1983 4174 Antbologia
2013 4107 2275 4160 Θευδόσιον.

446 4181 655 4248 quidem
681 4185 934 4249 collectis,
967 4194 1023 4237 et
1062 4187 1115 4236 in
1149 4202 1273 4237 saxo
1297 4188 1516 4252 disposi-
1662 4192 1761 4239 424
1796 4188 1990 4237 Nostra·
2028 4188 2201 4251 menti]
2233 4184 2496 4251 Impervia
2528 4192 2673 4235 menz

446 4259 540 4322 tis,
556 4266 726 4309 rostro
747 4260 920 4325 ignem
942 4264 1141 4315 excitat
1166 4264 1229 4313 ad
1253 4265 1445 4328 Solem,
1461 4272 1520 4316 et
1600 4264 1741 4315 tibus
1779 4264 1994 4314 aliorum
2026 4264 2309 4325 hominum,
2345 4277 2449 4313 non
2486 4262 2670 4329 poe'ta·

446 4335 672 4402 seipsam
708 4335 834 4404 igne
871 4353 1173 4394 consumere
1209 4341 1425 4409 dicitur,
1451 4358 1521 4394 ex
1603 4355 1716 4392 rum
1740 4340 1829 4408 qui
1852 4339 2101 4393 divinitus
2120 4336 2285 4392 afflati
2304 4345 2441 4391 sunt.
