2925 4928
916 462 1002 519 ηπ
1055 465 1499 516 ammomum
1552 464 1703 516 mn.
1726 464 1801 515 1.
2328 444 2463 516 48²

261 610 342 676 In
370 612 704 678 volucrem
731 612 1009 692 Tereus,
1041 612 1338 678 Cadmus
1367 632 1441 678 se
1466 614 1665 679 vertit
1689 613 1761 677 in
1790 630 2090 695 anguem.

261 717 489 801 Scylla
514 737 722 782 novos
752 718 989 782 mirata
1021 737 1241 782 canes.
1331 717 1536 781 Hunc
1566 717 1798 781 arbore
1827 715 1988 798 figit,

259 818 505 883 Elevat
530 821 704 884 hunc
736 822 987 903 pluma,
1023 821 1319 905 squamis
1346 823 1517 885 hunc
1544 820 1775 884 fabula
1798 819 2018 896 vestit,
2322 816 2463 885 295

151 980 159 986 .
261 923 463 988 Hunc
495 924 696 990 solvit
726 925 957 991 fluvio.
1041 925 1400 1009 Nusquam
1431 924 1650 1007 spado
1682 922 1933 987 Consul
1962 923 2031 989 in
2059 923 2239 1002 orbe,

259 1025 413 1092 Nec
436 1026 651 1110 judex
679 1028 1014 1107 ductorve,
1043 1029 1192 1093 fuit.
1257 1085 1261 1089 .
1286 1027 1779 1110 Quodcumque
1809 1027 2099 1091 virorum

259 1126 383 1192 'Est
409 1127 643 1206 decus,
676 1129 963 1195 eunuchi
991 1130 1210 1195 scelus
1233 1137 1360 1194 est.
1453 1130 2142 1212 Exempla-creantur,

259 1230 430 1309 Quae
463 1232 648 1297 socci
680 1239 995 1316 superent
1023 1234 1221 1310 risus,
1257 1235 1614 1316 luctusque
1647 1231 1970 1297 cothurni.

262 1333 484 1414 Quam
511 1334 785 1417 pulchre
820 1341 1222 1419 conspectus
1252 1341 1419 1413 erat,
1450 1355 1603 1400 cum
1633 1333 1938 1398 tenderet
1964 1338 2143 1398 artus
2326 1333 2464 1400 300

257 1532 404 1579 anem,
428 1519 631 1567 Cadmus
648 1519 699 1567 ia
716 1523 1004 1582 serpentem:
1026 1518 1186 1583 Scylla
1201 1519 1441 1582 obstupuit
1460 1510 1598 1568 danes
1618 1533 1758 1567 novos
1785 1532 1851 1566 ex
1875 1531 1931 1566 se
1952 1522 2100 1565 natos
2118 1533 2132 1566 z
2145 1515 2317 1576 fabulo
2338 1514 2462 1564 huno

256 1581 452 1648 factum
475 1585 688 1633 arborem
704 1585 909 1648 plantat,
929 1585 1118 1634 extollit
1135 1586 1268 1633 illum
1283 1585 1471 1647 pennis,
1502 1585 1630 1633 hunc
1661 1584 1816 1645 operit
1853 1582 2071 1647 smmis,
2100 1582 2233 1630 illum
2266 1579 2464 1645 liquefa-

256 1647 320 1696 cit
340 1648 620 1712 instuvium.
688 1651 930 1713 Nusquam
951 1650 1186 1699 eunuchus
1220 1650 1388 1699 extitit
1414 1651 1587 1698 Consul
1622 1651 1674 1698 in
1713 1649 1902 1710 mundo,
1932 1661 2078 1710 neque
2108 1648 2287 1709 Judex‚
2318 1660 2464 1708 neque

257 1713 383 1767 ,Dux
400 1729 416 1761 .·
450 1713 670 1777 quicquid
683 1715 923 1764 honestum
945 1720 1013 1764 est
1031 1715 1168 1772 viris,
1190 1717 1365 1764 crimen
1383 1721 1455 1764 est
1476 1714 1714 1770 eumcum
1751 1714 1965 1778 exempla
2000 1713 2338 1775 producuntur,
2357 1725 2462 1773 quoe

257 1776 664 1839 uincantfoecetias
681 1781 935 1845 comoediae,
958 1784 1005 1829 et
1040 1780 1288 1829 tristitiam
1311 1780 1573 1843 tragoedioe.
1645 1779 1800 1836 Quam
1832 1777 1947 1828 belle
1967 1776 2249 1840 Eutropius
2270 1775 2466 1841 ‹rapicio-

1185 1908 1541 1928 θθθθθθθθδκθ

259 1987 362 2037 dno
383 1987 531 2038 Vatt.
555 1989 671 2039 Pal.
729 1991 918 2039 Eritrei
951 1990 1144 2042 Moret.
1186 2005 1265 2053 pr.
1324 1990 1516 2039 Erithei
1539 1990 1733 2042 Moret.
1754 2005 1857 2039 sec.
1912 1989 2097 2040 Aristei
2127 1987 2268 2039 Prie.
2323 1987 2465 2037 Aric-

256 2053 325 2102 tei
347 2053 471 2104 Jun.
497 2069 576 2117 pr.
636 2056 819 2104 Eristei
838 2055 1008 2106 Oxou.
1033 2071 1137 2106 sec.
1188 2070 1316 2105 coena
1351 2057 1493 2105 Rott.
1524 2057 1692 2106 Oisel.
1735 2055 1881 2106 Leid.
1904 2069 2005 2104 sec.
2029 2054 2173 2103 Med.
2198 2058 2316 2103 tert.
2339 2053 2464 2102 Put.

254 2117 359 2168 duo
398 2118 584 2170 Petav.
609 2119 705 2169 inc.
733 2121 915 2170 Heius.
937 2122 1069 2172 Exc.
1106 2123 1321 2170 Lucem.
1347 2135 1425 2183 pr.
1448 2121 1533 2170 ed.
1558 2121 1730 2171 Vicet.
1751 2122 1878 2170 Var.
1902 2121 2004 2169 LI..
2029 2119 2114 2169 ed.
2140 2119 2299 2168 AntV.
2349 2131 2464 2167 cena

256 2183 453 2234 Moret.
498 2199 604 2234 sec.
646 2185 719 2234 Hi
750 2187 855 2235 duo
877 2200 1001 2235 vero
1028 2200 1206 2235 versus
1235 2187 1285 2235 in
1308 2187 1502 2235 Thuau.
1526 2186 2067 2236 desiderantum—294
2097 2189 2281 2234 munta
2305 2182 2465 2234 oisel.

257 2247 429 2305 Oxou.
457 2265 533 2313 pr.
588 2255 768 2300 mutato
803 2251 886 2301 vel
923 2252 1099 2301 mirata
1133 2252 1215 2300 vel
1249 2252 1442 2300 imitato
1472 2251 1596 2301 Vat.
1632 2265 1714 2316 ρι·.
1759 2251 1879 2299 hone
1914 2251 2146 2300 Floreat.
2200 2250 2326 2299 hunc
2340 2250 2464 2298 Vat-

256 2313 425 2365 Livio.
481 2316 602 2364 hanc
635 2317 716 2371 vel
759 2317 882 2366 hunc
914 2315 1038 2366 Ald.
1089 2318 1252 2379 signat
1286 2317 1405 2366 Vat.
1438 2315 1605 2382 quint.
1644 2316 1805 2382 fingit
1829 2317 1953 2365 Lov.
1977 2317 2175 2365 Bonon.
2200 2315 2464 2364 Pat.Put.

254 2378 454 2437 Thoan.
480 2379 627 2429 Leid.
651 2394 753 2431 sec.
779 2397 844 2430 m.
868 2396 946 2445 pr.
970 2382 1113 2431 Med.
1149 2397 1254 2432 sec.
1292 2397 1359 2431 m.
1383 2397 1464 2446 pr.
1490 2381 1591 2431 duo
1616 2382 1790 2431 Oxon.
1813 2389 1865 2430 et
1890 2381 2073 2431 PetaV.
2094 2382 2222 2430 Exc.
2246 2379 2465 2430 Gevart.

239 2442 400 2508 finxit
424 2445 566 2495 Prie.
601 2444 726 2510 figit
750 2448 831 2497 vel
857 2447 1026 2514 figunt
1070 2449 1189 2497 Vat.
1216 2452 1506 2498 tert.--295
1543 2447 1714 2499 Flebat
1739 2462 1834 2511 pro
1859 2447 2030 2496 Elevot
2053 2448 2173 2496 Vat.
2196 2460 2273 2509 pr.
2292 2460 2362 2495 m.
2384 2458 2464 2509 pr.

252 2509 463 2560 Reuehit
500 2511 644 2560 Med.
664 2522 836 2576 quart.
873 2513 1050 2561 Evaluit
1075 2515 1203 2567 Exc.
1229 2513 1446 2563 Gevart.
1494 2514 1621 2562 hanc
1642 2516 1761 2562 Vat.
1786 2519 1907 2578 tert.
1930 2513 2158 2562 Florent.
2204 2512 2330 2560 hunc
2355 2518 2464 2558 tres

253 2574 401 2624 Vatt.
424 2575 538 2626 Pal.
564 2577 715 2627 Far-n.
738 2578 900 2627 Oisel.
952 2581 1128 2641 plumis
1166 2579 1363 2628 Mazar.
1413 2581 1572 2641 pluma
1616 2578 1718 2627 duo
1750 2577 1933 2627 Leidd.
1973 2585 2027 2627 et
2050 2576 2221 2625 Oxou.
2240 2575 2361 2626 Jun.
2383 2589 2465 2638 pr.

254 2637 376 2689 Put.
395 2641 527 2703 Reg.
546 2642 696 2690 ambo
720 2644 911 2692 Mor-et.
937 2645 1060 2693 Lov,
1089 2651 1195 2693 tres
1217 2642 1523 2692 Petav.A1d
1563 2643 1648 2692 ed.
1673 2643 1905 2692 Plautin.
1943 2643 2067 2691 item
2089 2643 2214 2691 Var.
2251 2641 2357 2690 LI..
2381 2638 2465 2690 ed.

248 2702 415 2754 Antv.
472 2706 590 2755 hanc
612 2706 784 2764 sabula
807 2714 1030 2773 quatuor
1050 2709 1197 2758 Vatt.
1219 2709 1332 2758 Pal.
1356 2708 1510 2757 Farn.
1532 2708 1692 2757 Oisel.
1744 2708 1887 2756 vertit
1926 2709 2284 2756 Mazara—296
2319 2705 2467 2756 Hm

252 2777 482 2835 quatuor
522 2773 668 2821 Vatt.
700 2772 813 2823 Pal.
848 2775 1003 2823 Fam.
1026 2773 1166 2823 Prie.
1190 2775 1335 2823 Rott.
1373 2773 1537 2823 Oisel.
1561 2788 1679 2822 cum
1702 2773 1887 2836 glossa,
1911 2772 1943 2822 i.
1968 2787 2013 2822 e.
2067 2772 2184 2820 Mor
2237 2786 2314 2819 am
2333 2771 2466 2818 Tho-

253 2835 351 2884 los.
375 2842 486 2884 tres
512 2836 690 2885 Ambr.
733 2839 863 2887 Exc.
902 2839 1050 2888 Laeti.
1105 2839 1226 2886 hunc
1262 2839 1364 2888 Ms.
1400 2839 1545 2888 Delr.
1596 2839 1717 2886 hunc
1739 2837 1927 2901 ubique
1944 2837 2139 2886 habent
2157 2786 2466 2886 εΐῖἀΝἰοεῐ.
2568 2845 2569 2848 ’

253 2898 430 2951 Parm.
458 2903 663 2951 Demst.
703 2903 879 2964 Caesii‚
923 2905 1095 2956 Elzev.
1143 2903 1324 2952 Barth.
1363 2909 1445 2952 ter
1467 2904 1586 2953 hanc
1607 2909 1663 2951 et
1684 2909 1873 2966 quarto
1894 2903 2008 2951 loco
2031 2903 2152 2951 hunc
2171 2900 2294 2961 AM,
2316 2901 2350 2953 J
2356 2907 2467 2950 unt.

254 2964 425 3014 Colin.
471 2974 651 3016 contra
687 2974 771 3016 ter
791 2968 912 3017 laune
947 2975 1003 3018 et
1024 2978 1209 3032 quarto
1239 2969 1353 3017 loco
1376 2970 1496 3017 hanc
1518 2967 1678 3032 Ising.
1702 2968 1898 3031 Gryph.
1919 2968 2125 3017 Claver.
2150 2967 2316 3031 primo
2339 2980 2467 3016 vero

253 3029 369 3080 loco
390 3031 533 3091 hunc,
557 3032 744 3081 deinde
783 3040 865 3082 tet·
897 3034 1017 3082 hunc
1050 3033 1132 3083 ed.
1171 3033 1320 3096 prim.
1359 3033 1583 3084 Heinsii.
1638 3048 1887 3096 numquam
1925 3040 2147 3097 quatuor
2167 3033 2313 3081 Vatt.
2348 3032 2465 3081 Pal.

254 3094 411 3145 Farn.
456 3096 617 3147 Oisel.
668 3112 892 3160 nusquam
925 3100 1053 3162 Reg.
1100 3098 1270 3147 Oxou.
1308 3113 1385 3162 pr.
1432 3100 1484 3148 in
1516 3099 1630 3148 urbe
1667 3099 1816 3148 Fam.
1851 3112 1917 3148 m.
1941 3102 2179 3162 pta—297
2213 3097 2466 3161 ductorque

253 3159 371 3210 Pal.
419 3161 564 3210 Med.
611 3177 688 3225 pr.
731 3162 937 3213 Thalos,
984 3165 1202 3212 dudone
1236 3164 1365 3213 Exc.
1406 3164 1558 3213 Laeti.
1613 3165 1924 3227 quodcumque
1960 3165 2087 3213 Exc.
2122 3165 2339 3213 Lucens.
2362 3177 2467 3213 sec.

255 3226 530 3288 quicumque
550 3227 632 3275 ed.
655 3228 991 3278 vicen—298
1027 3228 1251 3278 Eunuchi
1274 3237 1385 3278 tres
1401 3230 1549 3279 Vatt.
1570 3228 1995 3279 Fam.·Eunucht'³
2006 3230 2127 3278 Vat.
2150 3244 2253 3278 sec.
2272 3229 2466 3277 Moret.

253 3302 356 3341 sec.
399 3291 521 3341 Var.
561 3293 663 3342 LL.
687 3307 718 3341 e
740 3308 902 3356 marg.
927 3293 1265 3343 Parm.——299
1295 3294 1410 3343 socii
1427 3310 1541 3344 usus
1564 3308 1657 3358 pro
1677 3295 1799 3343 socci
1827 3294 1950 3342 risus
1968 3293 2092 3344 Jun.
2114 3308 2194 3358 pr.
2243 3297 2469 3356 superant

256 3354 403 3407 Leid.
443 3371 521 3419 pr.
562 3355 743 3408 Ambr.
761 3373 865 3409 sec.
890 3358 1035 3410 Med.
1060 3365 1180 3409 tert.
1204 3359 1323 3410 Pat.
1345 3360 1449 3409 inc.
1475 3360 1657 3410 Heius.
1716 3361 1943 3428 luxusque
1965 3358 2246 3409 Pan-³⁰⁰
2275 3358 2467 3422 pulchre

1250 3497 1467 3551 No'rAE

257 3654 262 3658 .
311 3613 416 3662 '298
453 3610 514 3659 In
547 3611 810 3675 volucrem]
865 3613 931 3663 In
965 3613 1211 3678 Upupam
1232 3615 1326 3664 Te-
1470 3616 1653 3667 Arbore
1679 3616 1830 3683 figit]
1886 3616 1961 3665 Ut
2001 3613 2283 3678 Daphnen,
2322 3612 2470 3677 Myr-

249 3701 373 3740 reua
429 3695 657 3738 mutatus
708 3698 807 3752 est,
862 3691 929 3740 ob
985 3691 1321 3742 Philomelam
1403 3695 1565 3744 rham.

251 3764 426 3814 uxoris
469 3779 577 3814 suae
614 3765 849 3829 Prognes
872 3780 1098 3817 sororem
1118 3773 1323 3817 conatu·
1467 3777 1562 3822 295
1598 3772 1794 3835 Pluma]
1842 3769 1920 3820 Ut
1967 3769 2221 3832 Cycnum,
2253 3764 2341 3831 (1¹¹1
2370 3773 2468 3818 ΥΘ*

251 3848 479 3905 Pratam.
1399 3856 1517 3900 erat
1544 3850 1808 3913 Ligurum,
1828 3847 1915 3913 qui
1934 3854 2102 3896 morte
2121 3842 2467 3894 Phaethontia

314 3923 415 3970 294
448 3920 634 3986 Scylla]
666 3922 735 3971 Se
770 3923 949 3973 lavans
990 3924 1041 3973 in
1078 3922 1244 3987 fonte,
1288 3939 1322 3974 a
1400 3926 1696 3989 contabuit,
1721 3933 1777 3975 et
1808 3939 1981 3973 versus
2005 3930 2085 3980 est
2099 3924 2158 3972 in
2181 3935 2328 3972 avem
2345 3934 2469 3984 eog-

255 3995 406 4046 Circe
442 3998 683 4062 zelotypa
719 3998 936 4066 infecto,
962 4001 1095 4050 vidit
1117 4001 1323 4052 inferio·
1400 4003 1692 4063 nominem3
1730 4007 1791 4051 ut
1813 4001 1970 4051 etiam
1996 3999 2306 4063 Pica5,quae
2321 4001 2470 4047 erant

252 4087 336 4123 res
359 4075 594 4138 corporis
620 4084 796 4140 partes
831 4078 884 4126 iu
924 4078 1088 4129 rictus
1111 4079 1321 4129 caninos
1401 4080 1548 4130 Pieri
1566 4078 1706 4142 filiae,
1727 4085 1784 4127 et
1804 4092 1923 4143 quae
1946 4076 2014 4126 ob
2035 4074 2393 4140 garrulitatem
2415 4073 2470 4124 in

255 4151 669 4215 transformatus,
708 4168 865 4218 seque
904 4156 956 4205 in
977 4171 1119 4206 mare
1137 4157 1325 4221 praeci-
1404 4156 1550 4221 picas
1571 4169 1835 4205 conversa
1862 4159 1999 4203 sunt.

256 4227 445 4291 pitans,
487 4243 638 4279 versa
661 4238 742 4286 est
766 4232 819 4279 in
840 4235 1100 4296 gurgitem
1136 4248 1324 4297 cogno-
1468 4232 1710 4296 Squamis]
1743 4231 1821 4280 Ut
1840 4231 2113 4280 Glaucum.

255 4305 463 4356 minem.
531 4307 652 4356 Fuit
682 4315 739 4357 et
759 4309 862 4358 alia
873 4309 1056 4373 ‘Scylla
1078 4310 1195 4361 Nisi
1217 4309 1324 4359 filia
1455 4312 1567 4359 ’296
1588 4305 1928 4371 Soloitfluvio]
1944 4307 2020 4355 Ut
2038 4304 2468 4365 Proteum-illum,

255 4381 307 4430 in
323 4382 566 4432 alaudam
581 4389 808 4436 mutata.
991 4443 994 4448 ,
1404 4387 1493 4452 qui
1507 4401 1572 4435 eu
1591 4383 1810 4449 Virgilio
1830 4382 1897 4433 :.‘
1923 4381 2115 4432 Omnia
2136 4378 2469 4440 transformat
