2925 4928
512 376 665 457 ⁵148
1268 394 1405 452 ¹ot..
1448 390 1881 453 enAumANx
1931 403 2000 452 v.

530 532 849 634 Arvaque
880 547 1263 635 Mysorum3
1305 548 1448 634 jam
1476 549 1636 613 nulli
1662 549 1885 614 flebile
1908 547 2247 626 damnum,
2299 546 2304 549 ’

533 654 669 719 Sed
697 675 929 719 cursus
959 638 1249 718 solennis
1278 658 1441 730 erat,
1473 673 1890 736 campusque
1922 652 2130 717 furori

527 756 927 842 ExposituS,
956 767 1360 839 sensumque
1385 757 1579 820 malis
1609 756 1987 821 detraxerat
2015 773 2199 820 usne.

529 856 692 926 Heu
719 862 871 941 heu,
901 880 1098 946 quam
1129 859 1444 923 brevibus
1475 866 1747 943 pereunt
1774 860 2062 942 ingentia.
2090 856 2285 924 fatis!

529 964 892 1049 Imperium
919 970 1103 1029 tanto
1133 963 1490 1048 quaesitum
1520 964 1855 1047 sanguine,
1884 969 2068 1029 tanto
2637 959 2740 1023 150

529 1066 908 1144 Servatum,
937 1066 1114 1149 quod
1144 1066 1322 1129 mille
1353 1066 1597 1130 ducum
1627 1086 1942 1152 peperere
1969 1066 2253 1143 labores»,

530 1166 733 1247 Quod
764 1170 961 1234 tantis
992 1168 1300 1232 Romana
1330 1187 1570 1233 manus
1600 1170 1943 1234 contexuit
1973 1171 2184 1248 anniS,

529 1272 836 1337 Proditor
863 1293 1031 1336 unus
1060 1273 1233 1336 iners
1263 1277 1546 1354 angusto
1576 1277 1868 1356 tempore
1899 1270 2124 1338 vertit.

616 1375 798 1440 Urbs
827 1377 1047 1453 etiam,
1076 1395 1337 1458 magnae
1367 1396 1522 1459 quae
1554 1377 1792 1440 dicitur
1819 1377 2065 1442 aemula
2095 1376 2359 1456 Romae,
2388 1460 2393 1469 ,
2501 1460 2510 1467 ὁ
2635 1449 2640 1453 ,

525 1479 622 1566 Et
649 1478 1133 1546 Chalcedonias
1164 1484 1392 1543 contra
1421 1478 1772 1562 despectat
1795 1498 2059 1558 arenae,
2639 1479 2733 1542 55

525 1674 850 1737 deplorandae:
871 1672 980 1734 jam
1005 1671 1203 1732 jactura
1222 1670 1400 1720 nemini
1422 1671 1760 1736 lacrymabilis,
1794 1673 1878 1720 sed
1914 1671 2200 1720 incursiones
2220 1674 2356 1719 erant
2376 1644 2649 1729 ordinariae‚
2681 1675 2738 1719 et

522 1738 634 1800 agri
653 1737 821 1799 objecti
837 1737 988 1786 rabiei
1010 1739 1247 1798 hostium,
1278 1752 1334 1785 ac
1355 1739 1632 1786 consuetudo
1665 1739 1906 1786 ademerat
1925 1736 2107 1786 sensum
2128 1736 2181 1785 in
2203 1735 2402 1784 damnis.
2470 1734 2583 1784 Heu
2597 1733 2622 1783 !
2652 1749 2739 1783 res

521 1818 708 1866 magnae
727 1819 867 1866 quam
887 1803 977 1852 levi
999 1807 1144 1851 ruunt
1176 1817 1287 1851 casu
1306 1802 1331 1852 Ι
1375 1817 1498 1851 unus
1530 1802 1764 1863 Rufinus,
1795 1801 2019 1867 perfidus,
2048 1802 2264 1864 ignavus,
2296 1802 2567 1864 pessumdat
2598 1799 2739 1849 brevi

522 1873 752 1918 momento
771 1873 1006 1931 sceptrum
1023 1872 1343 1930 comparatum
1365 1873 1500 1916 tanto
1521 1882 1700 1928 eruore,
1722 1873 2041 1916 conservatum
2060 1871 2196 1916 tanto
2218 1881 2423 1929 cruore,
2456 1869 2579 1929 quod
2588 1863 2740 1924 sacta

521 1936 650 1983 mille
681 1935 949 1983 Ductorum
986 1933 1345 1996 acquisiverunt,
1376 1935 1497 1996 quod
1521 1948 1613 1996 per
1638 1937 1711 1981 tot
1753 1934 1923 1981 saecula
1964 1933 2181 1981 Romana
2214 1936 2423 1994 potestas
2458 1931 2736 1980 connexuit.

531 1998 653 2048 Urbs
673 2014 850 2065 quoque
872 2014 975 2062 quoe
985 1997 1151 2058 fer-tur
1170 1996 1331 2046 fuisse
1350 1999 1520 2047 rivalis
1543 1999 1709 2047 Roma·
1730 1998 1956 2061 ingentis,
1976 2012 2031 2046 ac
2053 2013 2157 2061 quoe
2173 1998 2270 2047 sita
2290 2001 2359 2046 est
2379 2001 2736 2046 contraarenus

1448 2123 1740 2144 OOOOO‘O‘OO
1747 2126 1769 2145 θ
1775 2125 1803 2144 O

523 2214 627 2263 Nec
648 2227 740 2260 non
762 2211 930 2261 Pann.
972 2211 1064 2260 alt.
1087 2210 1232 2260 Leid.
1268 2209 1368 2259 duo
1391 2212 1511 2259 Vat.
1547 2211 1733 2260 Petav.
1774 2226 1851 2275 pr.
1888 2213 2004 2261 Jam
2043 2213 2123 2261 vel
2166 2213 2295 2261 Nam
2316 2210 2486 2260 Oxou.
2513 2213 2734 2273 pta—46

519 2279 782 2328 Moesorum
800 2277 1003 2326 TholoS.
1026 2276 1267 2325 Mesorum
1290 2276 1410 2325 Vat.
1438 2282 1607 2339 quart.
1634 2275 1778 2326 Med.
1818 2291 1922 2326 sec.
1946 2278 2193 2340 Mysorum
2215 2277 2298 2326 vel
2319 2276 2574 2325 Moesorum
2596 2275 2734 2326 Exc.

519 2343 677 2405 Laeti,
715 2342 959 2391 missorum
995 2341 1149 2389 Voss.
1189 2356 1279 2390 non
1313 2342 1400 2390 ulli
1438 2341 1562 2390 Vat.
1604 2348 1774 2405 quart.
1819 2343 1947 2392 Exc.
1990 2344 2207 2392 Luceus.
2233 2345 2446 2405 pr.—48
2477 2354 2735 2403 sensusque

520 2408 664 2457 Prie.
688 2406 848 2456 Oisel.
874 2407 992 2455 Pat.
1010 2407 1209 2457 Thuan.
1252 2406 1447 2457 Mazar.
1473 2406 1701 2455 Floreat.
1745 2413 1800 2456 et
1821 2421 1952 2455 unus
1978 2407 2163 2457 Heius·
2188 2407 2304 2457 mali
2324 2407 2574 2473 Vat.‚sec.
2598 2405 2732 2455 Put.

520 2474 754 2524 Florent.
792 2474 985 2523 Μαῖαν.
1009 2470 1152 2522 Med.
1176 2471 1343 2536 quart.
1383 2480 1438 2522 et
1478 2486 1583 2521 sec.
1621 2488 1651 2521 a
1674 2488 1741 2522 m.
1766 2487 1844 2535 pr.
1868 2474 2061 2523 Lovan.
2085 2474 2214 2524 Exc.
2237 2473 2455 2523 Lucens.
2481 2484 2560 2535 pr.
2586 2471 2734 2520 malis

517 2540 648 2589 Exc.
676 2533 895 2589 Luceus,
934 2552 1041 2586 sec.
1078 2551 1322 2602 sensusque
1355 2540 1508 2588 malus
1546 2537 1823 2587 Rota—49
1857 2537 1968 2587 Heu
2005 2538 2095 2588 heu
2132 2538 2517 2601 praestantiores
2540 2550 2732 2599 magno

499 2601 751 2663 numero,
777 2604 908 2652 Exc.
933 2603 1148 2668 Lucens.
1171 2617 1249 2665 pr.
1275 2602 1355 2651 ed.
1368 2602 1544 2651 Parm.
1563 2611 1613 2651 et
1629 2603 1803 2651 Vicet.
1829 2604 2000 2652 Heheu
2024 2604 2222 2653 Mazar.
2247 2602 2511 2652 Leid.sec.
2537 2603 2729 2651 Petav.

516 2665 639 2724 duo.
657 2667 780 2718 Ald.
804 2668 920 2718 eheu
942 2668 1007 2718 al.
1030 2673 1090 2716 ut
1113 2667 1477 2723 Gesner.sotis
1499 2674 1604 2716 vet.
1629 2667 1759 2730 Gyr.
1784 2668 1913 2717 Exc.
1936 2668 2155 2716 Lucens.
2182 2682 2285 2717 sec.
2306 2667 2481 2716 caussis
2499 2674 2729 2731 quatuor

519 2734 644 2785 Vat.
668 2735 783 2784 Pal.
802 2734 956 2782 Farn.
980 2733 1122 2781 Prie.
1158 2733 1304 2785 Rott.
1331 2732 1496 2782 Oisel.
1520 2733 1651 2781 Exc.
1677 2732 1829 2795 Laeti,
1852 2748 1963 2796 quae
1989 2738 2045 2781 et
2063 2732 2193 2791 fatis
2215 2734 2298 2782 vel
2320 2731 2447 2782 curis
2469 2748 2499 2779 a
2519 2746 2588 2780 m.
2613 2746 2726 2780 sec.

515 2803 644 2848 —51
669 2798 876 2858 junxere
901 2797 1049 2846 Leid.
1075 2811 1150 2859 pr.
1177 2796 1573 2857 oxon.junxere
1599 2798 1680 2846 vel
1697 2802 1922 2864 peperere
1944 2798 2205 2859 Reg.-52
2238 2798 2386 2847 armis
2407 2798 2529 2846 Vat.
2555 2796 2726 2861 quint.

496 2868 645 2930 .·-⁵4
676 2862 867 2915 ducitur
889 2863 1009 2913 Vat.
1041 2873 1123 2928 pr.
1166 2862 1296 2914 Exc.
1336 2863 1559 2914 Laneus·
1598 2868 1809 2926 pr.—-55
1849 2861 1971 2918 Quae
2013 2862 2352 2914 Chalcedonius
2387 2863 2571 2913 Petav.
2595 2867 2727 2914 tert.

1508 2974 1723 3025 NOTAE

578 3077 645 3123 46
678 3072 950 3138 Mysorum]
984 3074 1160 3139 Mysia
1193 3074 1337 3139 regio
1372 3080 1452 3122 est
1484 3073 1576 3122 mi·
1654 3082 1710 3125 et
1733 3074 2069 3139 consuetudo,
2094 3090 2206 3140 quae
2230 3081 2309 3124 est
2331 3076 2493 3124 altera
2514 3081 2728 3139 natura,

510 3150 652 3200 noris
673 3150 814 3200 Asiae
833 3151 900 3200 ad
927 3151 1341 3216 Hellespontum.
1383 3151 1573 3201 Strabo
1655 3149 1925 3214 effecerat,
1964 3166 2031 3201 ne
2055 3154 2191 3202 mala
2226 3152 2441 3217 amplius
2466 3152 2727 3201 sentiren-

509 3226 781 3278 constituit
803 3227 960 3278 etiam
986 3228 1150 3294 Mysos
1181 3229 1234 3276 in
1271 3230 1482 3293 Europa
1519 3228 1571 3277 in
1654 3235 1757 3279 tur.

509 3303 730 3355 confinio
751 3303 1034 3353 Pannoniae
1060 3303 1123 3352 ad
1143 3301 1458 3367 Danubium,
1481 3319 1573 3369 pu·
1717 3310 1782 3355 52
1819 3306 2103 3371 contexuit]
2134 3307 2333 3355 Multas
2350 3305 2549 3355 scilicet
2567 3304 2727 3355 urbes

508 3386 693 3446 tatque
718 3381 898 3446 Mysos
921 3378 1179 3430 Asiaticos
1201 3359 1275 3429 αἱ)ο
1290 3381 1363 3429 hi's
1384 3396 1573 3432 nomen
1658 3387 1713 3430 et
1748 3381 2037 3444 provincias
2072 3382 2124 3430 in
2164 3397 2320 3432 unum
2343 3382 2487 3431 velut
2526 3395 2725 3446 corpus

506 3464 565 3510 et
580 3457 827 3521 originem
847 3457 1082 3507 traxisse.
1145 3457 1248 3507 Sed
1267 3456 1357 3505 hos
1374 3457 1575 3509 Plinius
1657 3457 1859 3522 imperii
1883 3459 2168 3522 contexuit,
2191 3466 2348 3523 atque
2371 3457 2668 3522 conjunxit.

505 3548 613 3586 non
636 3535 802 3599 Mysos
824 3534 916 3591 sed
935 3535 1110 3583 Moesos
1132 3535 1384 3599 appellat.
1418 3534 1574 3583 Unde
1720 3538 1782 3583 53
1828 3535 2005 3597 Vertit]
2040 3536 2156 3584 Non
2190 3535 2381 3585 evertit
2411 3540 2588 3583 tamen
2610 3535 2722 3584 Ru-

503 3612 560 3660 in
583 3612 681 3661 hoc
707 3611 977 3661 Claudiani
1001 3611 1114 3662 loco
1138 3611 1368 3662 nonnulli
1392 3613 1576 3677 legunt
1654 3608 1807 3672 finus,
1844 3610 1937 3660 sed
1977 3617 2214 3664 evertere
2239 3610 2482 3668 tentavit,
2521 3615 2578 3659 ut
2603 3610 2721 3673 ipse

503 3687 781 3752 Moesorum.
1150 3703 1155 3708 ·
1202 3729 1205 3732 .
1657 3688 1800 3735 velut
1823 3686 1995 3735 denuo
2032 3687 2310 3750 excitaret,
2347 3695 2504 3752 atque
2539 3687 2594 3736 in
2625 3687 2721 3739 su'o

569 3769 632 3817 47
668 3764 909 3829 Soterinis]
957 3765 1192 3816 Incursio
1227 3765 1572 3816 Barbarorum
1652 3780 1813 3831 opere
1838 3766 2195 3830 triumpharet,
2215 3771 2482 3829 regnaret.
2688 3761 2694 3766 ’

507 3840 789 3905 ordinaria,
830 3847 887 3889 et
935 3848 1158 3903 assueta,
1200 3840 1363 3892 fiebat
1406 3842 1586 3891 veluti·
1715 3846 1779 3893 54
1820 3841 1945 3890 Urbs
1986 3842 2151 3906 etiam]
2225 3841 2723 3905 Constantinopolis,

504 3934 622 3969 eum
644 3933 834 3982 pompa
852 3923 905 3967 et
925 3919 1350 3980 caerimonia‚non
1371 3917 1570 3979 furtim,
1650 3932 1765 3982 quae
1790 3932 1891 3967 non
1915 3918 2077 3969 solum
2101 3917 2304 3978 aemula,
2339 3916 2429 3965 sed
2454 3923 2510 3965 et
2530 3924 2720 3980 postea

501 3996 589 4045 sed
611 3996 778 4059 palam
797 4002 853 4044 et
871 3994 1096 4057 publice,
1116 4002 1174 4043 ut
1192 3996 1401 4044 solenne
1420 3995 1567 4060 quid·
1649 3995 1839 4044 victrix
1876 3993 1980 4044 fuit
2018 3995 2217 4058 Romae,
2253 3999 2310 4044 et
2346 3994 2509 4043 altera
2549 3995 2719 4044 Roma

500 4074 657 4137 piam.
724 4075 795 4126 Et
829 4073 1006 4136 populi
1041 4073 1118 4120 his
1150 4074 1296 4122 malis
1331 4072 1565 4125 ferendis
1644 4073 1805 4125 dicta.
2053 4117 2058 4120 Α

491 4150 606 4213 jam
631 4157 782 4199 erant
803 4147 1098 4206 assuefacti.
1709 4156 1771 4200 55
1812 4149 2169 4213 Chalcedonius]
2203 4148 2518 4212 Chalcedon,
2556 4148 2717 4206 hodie

563 4229 630 4274 48
661 4224 948 4289 Sensumque
967 4225 1106 4273 malis
1134 4226 1413 4274 detraxerat
1432 4225 1563 4289 usus]
1645 4226 1857 4290 Scutari,
1879 4225 2164 4275 seeundum
2186 4225 2409 4289 aliquos;
2448 4224 2568 4274 urbs
2590 4225 2713 4274 olim

502 4302 843 4356 Occalluerat
872 4302 987 4369 jam
1027 4303 1251 4354 omnium
1290 4302 1565 4369 patientia,
1646 4308 1764 4354 erat
1800 4316 1864 4355 ea
1906 4308 2060 4369 parte
2099 4300 2241 4354 Asiae
2280 4301 2346 4351 ad
2384 4301 2714 4368 Bosphorum
