2925 4928
897 398 977 449 m
1026 402 1385 454 namnum
1434 407 1582 454 mn.
1629 409 1712 457 ιι.
2289 394 2418 460 175

209 535 511 602 Allatura
543 539 721 605 dies:
771 543 955 608 omni
991 544 1137 628 jam
1169 547 1368 631 plebe
1399 551 1653 616 redibis

209 639 446 719 Altior,
480 649 552 707 et
579 645 719 708 laeti
743 648 1053 719 manibus
1081 654 1437 734 portabere
1469 655 1674 736 vulgi.

212 743 356 807 Has
389 747 572 810 canit
603 749 941 831 ambages.
1031 751 1319 818 Occulto
1349 755 1598 821 fallitur
1619 757 1733 822 ille

212 845 472 926 Omine,
504 871 630 914 nec
663 854 913 935 capitis
945 857 1140 921 sentit
1169 862 1501 941 praesagia
1531 860 1677 927 fixi.

208 948 248 1013 J
253 969 355 1013 am
383 971 722 1018 summum
754 956 963 1021 radiis
996 960 1366 1041 stringebat
1389 952 1662 1028 Luc'ifer
1693 965 2035 1046 Haemum,

212 1051 682 1139 Festinamque
713 1065 924 1124 rotam
950 1063 1150 1127 solito
1183 1067 1643 1149 properantior
1667 1076 1878 1152 urget,

210 1157 501 1221 Tandem
533 1161 766 1226 Rufini
797 1167 1058 1233 visurus
1085 1168 1340 1247 funera,
1369 1171 1592 1239 Titan.

210 1259 524 1327 Prosiluit
552 1270 797 1346 stratiS,
828 1269 1184 1355 densaeque
1214 1277 1495 1358 capacia
1525 1277 1740 1342 turbae

206 1361 395 1428 Atria
422 1367 705 1447 regifico
726 1370 942 1454 jussit
973 1376 1319 1458 splendere
1345 1386 1606 1463 paratu,

206 1465 601 1550 Exceptura
628 1471 837 1556 dapes
864 1497 879 1540 z
927 1483 1016 1556 et,
1047 1482 1228 1562 quod
1261 1489 1415 1565 post
1442 1492 1608 1573 vota
1639 1484 1917 1573 daretur,

207 1567 813 1658 Inscribipropriis
846 1587 1082 1644 aurum
1109 1570 1311 1649 fatale
1341 1572 1589 1669 figuriS.
1817 1584 1824 1587 ’

2283 1383 2416 1450 340

204 1719 395 1781 quietem
418 1721 560 1772 rebus
583 1727 833 1790 omnibus,
852 1736 990 1793 atque
1011 1736 1139 1796 operi
1166 1739 1285 1784 tuo:
1320 1752 1432 1787 mox
1467 1743 1521 1786 tu
1556 1738 1784 1789 excelsior
1822 1743 1919 1789 toto
1953 1740 2125 1804 populo
2156 1743 2444 1807 reverteris„

204 1788 249 1831 et
277 1784 457 1844 fereris
503 1790 721 1839 manibus
764 1796 1080 1845 multitudinis
1113 1803 1386 1860 gaudentis.
1454 1804 1664 1863 Umbra„
1683 1805 1907 1867 praedicit
1950 1807 2033 1853 lias
2070 1807 2442 1873 ambiguitates„

203 1849 290 1897 Ille
308 1850 534 1901 Rufinus
558 1857 794 1919 decipitur
808 1864 1044 1923 proesagz'a
1067 1864 1324 1929 incognito,
1336 1883 1481 1930 neque
1496 1870 1725 1933 praevidet
1741 1871 1853 1918 haec
1872 1885 1983 1920 esse.
2006 1872 2142 1935 signa
2159 1874 2330 1937 capitis
2346 1872 2425 1921 sui

191 1916 391 1983 figendi.
459 1921 580 1967 Jam
621 1923 922 1986 Phosphorus
966 1928 1232 1978 illustrabat
1277 1934 1426 1981 radiis
1475 1942 1680 1996 partem
1717 1948 1979 1998 supremam
2004 1936 2167 1984 Haemi
2209 1938 2420 1999 ηιοηῐίε,

203 1985 248 2027 et
270 1980 353 2028 Sol
375 1997 469 2030 sno
493 1999 624 2033 more
646 1989 846 2037 velocior
871 1991 1069 2054 impellit
1101 2000 1238 2044 rotas
1258 1999 1445 2060 celeres,
1486 2004 1754 2063 aspecturus
1790 2003 1977 2049 tandem
2006 2009 2203 2049 mortem
2234 2002 2420 2066 Rufini.

205 2042 306 2109 Hie
328 2049 531 2099 exsiluit
554 2065 621 2097 ex
643 2053 778 2120 lecto,
812 2060 858 2102 et
881 2056 1130 2119 imperavit
1167 2061 1343 2110 Aulam
1379 2074 1798 2127 capacemmagnoe
1823 2066 2443 2145 rmaeltitmlim’ssfl'gemereb

204 2117 429 2172 appamia
466 2116 641 2175 regali,
664 2119 725 2166 ad
748 2122 909 2181 epulas
944 2124 1265 2187 recipiendas:
1299 2133 1345 2175 et
1366 2129 1647 2192 imperavit
1671 2144 1837 2179 aur-itm
1865 2132 2108 2191 funestum
2133 2131 2317 2192 signari
2337 2148 2423 2181 sua

199 2174 422 2242 imagine,
442 2184 499 2227 ut
521 2180 889 2234 distribueretur
914 2189 1182 2254 militibus,
1213 2199 1320 2254 post
1333 2196 1574 2245 'desideria
1599 2196 1880 2259 explicata.
1951 2198 2060 2262 Ipse
2080 2198 2189 2258 jam
2225 2202 2442 2259 turgens*

1132 2302 1491 2324 OOO‘OOOOOO‘O

205 2370 302 2407 sec.
325 2358 473 2409 Med.
500 2356 839 2426 φωτί-332
878 2369 1121 2419 Collatura
1145 2385 1240 2434 pro
1262 2372 1502 2421 Adlatum
1523 2375 1887 2424 Thalam-333
1923 2376 2049 2424 loetis
2085 2377 2202 2425 Pal.
2227 2377 2423 2427 Thnan.

206 2422 430 2475 Floreat.
460 2427 594 2481 item
635 2429 737 2479 duo
760 2433 906 2483 Med.
957 2435 1090 2496 vulgi
1129 2452 1192 2485 m.
1232 2453 1284 2500 p.
1325 2439 1426 2488 loeti
1458 2441 1662 2490 Bonan.
1700 2440 1873 2490 Oxou.
1917 2446 2186 2491 see—334
2220 2444 2442 2492 occulato*

207 2503 362 2553 marg.
388 2493 754 2547 Mona—335
801 2514 887 2548 nec
920 2516 961 2549 c.
1001 2503 1147 2550 sentit
1176 2519 1227 2566 p.
1255 2504 1359 2567 fixi
1383 2512 1485 2554 vet.
1511 2508 1640 2570 Gyr.
1668 2509 1785 2556 Put.
1812 2509 1940 2569 Reg.
1967 2507 2147 2556 Ambr.
2188 2522 2265 2569 pr.
2301 2511 2422 2557 item

208 2553 373 2605 Oxon.
399 2564 458 2606 et
495 2559 645 2617 Leid.
680 2575 760 2624 pr.
792 2563 920 2614 Exc.
945 2567 1164 2616 BucenS.
1189 2583 1292 2617 sec.
1342 2585 1435 2618 non
1469 2571 1598 2619 Ala.
1634 2572 1738 2636 fixi
1766 2588 1816 2634 p.
1853 2573 1998 2621 sensit
2042 2579 2262 2634 quatuor
2303 2572 2424 2623 Vat.

206 2617 315 2669 Pal.
337 2622 493 2671 Fam.
520 2625 668 2674 Rott.
723 2631 871 2677 sentit
891 2631 1035 2681 Prie.
1061 2632 1225 2682 Oisel.
1252 2634 1393 2684 Med.
1436 2651 1542 2685 sec.
1588 2638 1706 2686 Pat.
1728 2638 1926 2686 Tnuan.
1964 2638 2151 2686 Petav.
2196 2652 2273 2700 pr.
2297 2639 2421 2687 Vat.

206 2684 371 2735 Livin‘
390 2695 448 2736 et
464 2688 593 2738 Ald.
644 2694 793 2742 sensit
814 2696 936 2743 Vat.
960 2711 1039 2759 pr.
1073 2700 1223 2747 sensit
1245 2700 1322 2747 vel
1347 2702 1496 2749 sentit
1534 2704 1763 2752 Floreat.
1813 2703 1909 2751 dici
1939 2703 2060 2751 Vat.
2096 2718 2173 2763 pr.
2213 2717 2280 2752 m.
2316 2717 2438 2751 sec.-

207 2749 325 2799 item
347 2753 523 2804 Livin.
575 2756 676 2803 diri
712 2759 796 2807 vel
809 2760 914 2824 fixi
933 2763 1055 2812 Vat.
1096 2779 1174 2824 pr.
1212 2769 1280 2812 ιη’.
1331 2780 1408 2826 ρι’.
1466 2768 1565 2815 diri
1596 2782 1758 2829 marg.
1800 2767 2149 2829 bingin—836
2202 2769 2426 2828 tangebat

205 2814 395 2876 Lucifer.
418 2819 619 2869 Mazar.
645 2820 826 2873 Ambr.
851 2841 956 2874 sec.
984 2829 1110 2876 Exc.
1155 2829 1284 2877 Cod.
1314 2832 1506 2881 Rheni.
1577 2832 1795 2884 Hoemum
1826 2835 1949 2881 Var.
1997 2834 2095 2881 LL.
2136 2833 2220 2882 ed.
2263 2831 2423 2884 Antv·.

210 2882 368 2930 OEtam
390 2886 715 2947 conjiciebat
741 2888 1164 2941 Heinsius.—.337
1192 2895 1503 2957 Festinusque
1527 2899 1715 2946 Morei.
1741 2912 1842 2946 sec.
1865 2914 1933 2946 in.
1958 2913 2062 2946 sec.
2095 2899 2427 2961 properantius

205 2946 477 2998 Vanam.
524 2952 612 2999 ed.
638 2952 967 3004 Antv.——338
1002 2959 1170 3023 Rufini
1192 2961 1376 3008 visurus
1398 2963 1521 3010 Vat.
1549 2962 1713 3012 Livin.
1763 2964 1945 3011 risurus
1986 2963 2101 3022 Rus.
2135 2966 2256 3012 Vat.
2302 2973 2426 3014 tert.

208 3010 540 3065 Rott..Oisel.
571 3018 799 3067 Florem.
826 3022 968 3070 Med.
993 3038 1096 3072 sec.
1141 3024 1261 3074 Pat.
1288 3027 1483 3076 Mazar.
1509 3027 1691 3076 Ambr.
1717 3043 1822 3076 sec.
1850 3037 1905 3077 et
1929 3028 2049 3077 Ald.
2083 3029 2289 3091 fiumina
2331 3045 2427 3092 pro

199 3075 367 3135 funem
415 3080 546 3129 Var.
587 3083 694 3131 LL.
737 3084 820 3132 ed.
864 3085 1026 3136 Antv.
1061 3089 1315 3138 editiones
1356 3092 1541 3152 priscae
1580 3095 1784 3155 plenam
1825 3094 2014 3142 liabent
2050 3095 2428 3156 interpunctio-

207 3155 318 3190 nem
343 3153 463 3207 post
485 3152 646 3209 urget,
671 3149 863 3198 nullam
889 3163 1010 3215 post
1038 3155 1210 3205 Titan.-
1241 3157 1315 3204 ita
1353 3157 1511 3205 Genu.
1548 3166 1603 3207 et
1633 3158 1919 3221 Bia—339
1953 3160 2183 3207 Prosiluit
2207 3165 2426 3221 quatuor

211 3207 324 3258 Vat.
349 3210 465 3258 Pal.
488 3214 646 3260 Farn.
687 3214 908 3265 Prosiliit
933 3220 1053 3267 Vat.
1075 3235 1181 3267 sec.
1208 3222 1339 3283 Reg.
1382 3223 1579 3271 Mazar.
1607 3223 1779 3272 Oxou.
1801 3240 1880 3287 pr.
1907 3225 2053 3271 Leid.
2083 3239 2160 3285 pr.
2186 3222 2425 3274 Ambros-

212 3286 308 3322 sec.
333 3282 399 3324 et,
416 3278 619 3325 Moret.
663 3280 876 3340 Desiluit
895 3284 1038 3332 Prie.
1062 3286 1209 3333 Rott.
1228 3286 1391 3334 Oisel.
1414 3289 1541 3335 Exc.
1558 3289 1770 3337 Lucens.
1791 3304 1892 3337 sec.
1931 3294 2101 3337 turmae
2121 3288 2300 3335 Ambr.
2318 3304 2424 3339 sec.

213 3342 364 3388 —340
399 3342 606 3407 mirifico
630 3346 779 3393 Leid.
808 3362 884 3409 pr.
916 3341 1116 3411 pei-actu
1136 3351 1284 3399 Leid.
1304 3367 1407 3400 sec.
1429 3368 1498 3400 m.
1523 3367 1601 3415 pr.
1628 3354 1714 3416 qui
1736 3362 1789 3401 et
1804 3354 1906 3402 dies
1931 3369 2021 3416 pro
2039 3356 2179 3415 dapes
2197 3354 2424 3405 exhibe-t.

215 3407 362 3453 —342
398 3407 614 3470 Insculpz'
638 3411 762 3459 Vat.
789 3427 868 3475 pr.
886 3421 991 3464 vet.
1025 3415 1156 3478 Gyr.
1179 3418 1310 3466 Exc.
1344 3418 1564 3468 Lucens.
1589 3423 1859 3467 sem—343
1892 3418 2147 3467 salutatum
2172 3419 2298 3470 Exc.
2323 3420 2424 3469 Lu-

1208 3523 1430 3573 NOTAE

275 3617 364 3665 333
397 3619 586 3681 Altior]
642 3622 723 3669 Ex
750 3621 1079 3673 Artemidoro
1107 3632 1276 3675 tamen

220 3688 267 3738 id
283 3695 652 3746 somniantibus
669 3699 910 3749 diadema
930 3703 1275 3764 portenditur.

277 3773 363 3818 33⁵
400 3774 506 3822 Nec
525 3776 703 3837 capitis
723 3777 869 3825 sentit
901 3780 1277 3844 praesagiafixi]

225 3844 328 3895 Non
348 3852 604 3912 praevidet
620 3852 836 3902 Rufinus
857 3856 958 3903 sibi
983 3872 1101 3905 mox
1119 3867 1277 3920 caput

228 3928 578 3987 amputandum
602 3944 740 3988 esse,
757 3931 911 3994 idque
937 3934 1116 3981 lancea
1139 3932 1280 3982 affix-

229 4011 302 4046 um
336 4017 365 4048 a
400 4005 531 4052 laetis
555 4005 860 4056 Stilichonis
893 4010 1141 4078 militibus
1167 4026 1277 4061 esse

230 4074 712 4148 circumferendum:
750 4100 872 4145 non,
897 4086 1125 4150 inquam,
1151 4105 1278 4151 prae-

230 4152 382 4215 videt3
415 4159 505 4205 sed
531 4159 658 4207 dnm
680 4162 804 4209 sein
829 4167 1019 4213 somnis
1045 4165 1187 4215 videt
1210 4168 1282 4215 al-

233 4229 413 4294 tiorem,
438 4242 597 4297 putat
633 4252 690 4286 se
726 4249 967 4289 evectum
992 4242 1052 4290 iri
1078 4242 1142 4291 ad
1166 4244 1282 4292 soli-

233 4316 307 4360 um
327 4308 652 4376 principum:
686 4312 865 4381 sicque
895 4314 1178 4370 infeliciter
1199 4320 1284 4371 ab·

1361 3631 1506 3672 errat

1425 3704 1523 3749 336
1559 3701 1806 3765 Hoemum]
1874 3701 2089 3752 Haemns
2130 3703 2211 3752 vel
2250 3701 2426 3754 AEmus

1359 3794 1504 3827 mons
1544 3786 1624 3828 est
1660 3781 1799 3829 inter
1818 3780 2094 3831 Thraciam
2127 3789 2182 3831 et
2216 3782 2429 3830 Thessa-

1360 3856 1497 3905 liam.

1425 3943 1518 3987 341
1558 3940 1677 3988 Post
1699 3946 1806 3989 vota
1829 3941 2046 4004 daretur]
2103 3942 2175 3989 Ut
2201 3945 2316 4003 post
2339 3939 2430 3987 de·

1362 4014 1608 4063 siderium
1629 4019 1913 4079 expletum,
1930 4018 2029 4066 hoc
2051 4023 2147 4076 est,
2170 4023 2290 4078 post
2313 4028 2430 4078 pos·-

1362 4105 1551 4139 sessain
1598 4102 1798 4155 partem
1837 4093 2059 4154 imperii,
2097 4107 2247 4156 qnam
2285 4090 2421 4139 votis

1366 4170 1601 4217 omnibus
1644 4171 1949 4232 expetebat,
1997 4170 2211 4217 daretur
2247 4180 2427 4215 aurum

1362 4245 1634 4294 militibus.

1427 4325 1524 4371 342
1580 4321 1785 4372 lusci-ibi
1825 4336 1992 4372 aurum
2015 4318 2198 4384 fatale]
2259 4317 2430 4372 Jussit
