2925 4928
491 373 659 456 249.
1212 444 1249 451 ,⁷
1310 388 1876 448 PROLEGOMENA
1994 438 2004 447 .

493 551 634 601 rere
661 532 1041 617 videantur„
1108 531 1517 623 Compositio
1549 541 1746 620 atque
1777 533 2197 601 adumbratio
2240 532 2512 618 poetam
2539 553 2717 617 pro*

500 641 640 719 dit,
623 660 639 676 ·
688 652 1075 722 quanquam
1104 635 1175 701 in
1207 637 1481 720 singulis
1505 640 1806 722 partibus
1829 624 2242 722 expoliendis
2272 638 2721 727 popularium'

487 739 702 831 magis
718 738 1075 826 judicium,
1096 760 1296 824 quam
1326 746 1579 805 naturae
1601 743 1946 810 veritatem
1974 736 2172 824 atque
2201 733 2718 824 simplicitatem

490 851 752 910 secutus
782 846 893 921 sit,
910 864 1121 946 neque
1152 846 1420 907 omnino
1449 844 1617 908 liber
1650 845 1843 910 fuerit
1877 846 2010 908 ab
1991 847 2074 910 iis
2104 840 2312 922 vitiis,
2345 865 2510 928 quae
2527 846 2726 911 tem-⁷

487 967 730 1031 porum
778 955 848 1011 et
893 967 1149 1010 morum
1198 948 1567 1035 corruptela
1611 949 1680 1011 in
1723 955 1932 1014 artem
1970 947 2305 1033 poeticam
2333 949 2711 1015 invexerat.

488 1049 573 1114 In
605 1051 896 1115 carmine
928 1068 1008 1115 Χ.
1041 1050 1232 1134 fingit
1261 1049 1460 1133 poeta
1491 1049 1864 1115 Honorium
1908 1052 2149 1116 amoris
2182 1051 2513 1115 desiderio
2545 1071 2726 1123 σοῖο,

485 1157 745 1236 reptum
777 1153 859 1242 de
889 1155 1281 1236 nuptiarum
1317 1151 1641 1215 dilatione
1674 1154 1878 1235 queri.
1968 1151 2256 1238 Cupide,
2288 1159 2521 1218 auctor
2548 1152 2728 1218 vul-'

483 1257 685 1334 neriS,
734 1248 946 1338 astat3
1000 1262 1066 1320 et
1112 1255 1228 1319 ubi
1277 1251 1453 1318 vidit
1494 1251 1782 1317 Honorii
1829 1258 2065 1338 pectus
2130 1255 2267 1319 telo
2316 1255 2528 1320 misso
2595 1254 2724 1329 ini

483 1357 925 1438 flammatum,
985 1359 1220 1423 statim
1268 1358 1357 1421 ad
1418 1362 1696 1421 matrem
1740 1359 1967 1422 avolat
2023 1362 2276 1422 tantam
2333 1359 2707 1423 victoriam

480 1462 907 1526 nuntiaturus
950 1461 1067 1548 (Χ.
1115 1461 1352 1525 1-48,
1358 1457 1413 1549 )‚
1503 1460 1739 1526 Mores
1771 1462 2040 1546 quidem
2068 1461 2237 1545 ejuS,
2284 1462 2422 1545 qni,
2467 1464 2704 1545 primo

469 1583 707 1653 'amore
739 1585 1086 1644 accenSuS,
1121 1565 1414 1630 omnium
1464 1584 1706 1642 rerum,
1754 1564 1993 1649 quibus
2027 1571 2182 1627 ante
2224 1564 2703 1644 delectaretur,

482 1667 695 1732 taedio
729 1667 1012 1732 afficitur
1049 1671 1399 1751 animoque
1450 1667 1680 1750 nequit
1708 1660 2093 1745 consistere,
2125 1667 2197 1730 in
2219 1666 2572 1732 *Honorio
2567 1688 2703 1732 na-

483 1773 655 1843 turae
703 1772 1207 1836 accommodate
1239 1777 1395 1835 sunt
1424 1773 1731 1856 expressi
1753 1792 1771 1853 3
1795 1771 1925 1857 “sed
1951 1772 2022 1834 in
2051 1771 2502 1855 querimoniiS,
2530 1760 2720 1855 quae-

477 1872 580 1962 illi
612 1875 1009 1954 tribuuntur,
1051 1876 1248 1959 plura
1275 1874 1432 1942 Sunt
1469 1877 1763 1955 intexta,
1796 1897 1948 1961 quae
1983 1877 2228 1940 abesse
2256 1876 2476 1955 maliS,
2509 1895 2697 1958 prae-

482 1976 678 2063 cipue
709 1978 1053 2059 dignitatis
1084 1979 1537 2061 imperatoriae
1589 1979 1995 2043 mentionem
2027 1980 2113 2043 ab
2146 1976 2400 2044 amoris
2426 1966 2711 2069 simpli-i

481 2078 690 2143 citate
720 2099 1002 2162 prorsus
1038 2081 1358 2146 alienam.
1447 2081 1607 2146 Hoc
1646 2080 1875 2146 tamen
1914 2082 2352 2166 Imperatoris
2382 2100 2698 2147 reveren-

477 2182 592 2279 tiae
620 2179 828 2263 poeta
864 2182 1158 2248 'dandum
1186 2184 1488 2269 putavit3
1546 2206 1671 2250 nec
1722 2185 2004 2251 Stilicho
2036 2190 2302 2269 poterat
2322 2186 2395 2250 in
2439 2184 2697 2249 malam

474 2290 738 2367 partem
775 2287 1104 2371 accipere,
1150 2289 1405 2373 quippe
1454 2290 1593 2373 qui,
1645 2309 1783 2374 quo
1811 2292 2025 2354 tutius
2063 2291 2214 2374 ipse
2265 2290 2692 2354 dominatum

475 2395 835 2470 exerceret,
867 2391 1162 2475 speciem
1204 2391 1576 2476 majestatis
1608 2391 1922 2457 Honorio
1962 2392 2466 2476 relinquendam
2501 2386 2708 2467 exis(

476 2489 759 2555 timaret.
849 2493 1069 2557 Sedes
1099 2494 1385 2559 Veneris
1413 2496 1480 2558 in
1512 2495 1735 2566 insula
1767 2494 1995 2579 Cypro
2026 2495 2127 2558 ita
2157 2494 2571 2571 describitur,
2603 2502 2698 2560 ut

472 2612 832 2681 agnoscaS,
886 2595 1336 2661 Claudianum
1388 2597 1652 2681 ingenio
1684 2620 1819 2680 non
1866 2598 2083 2662 fuisse
2119 2597 2533 2675 destitutum,
2559 2583 2700 2662 Sed*

473 2696 605 2760 aevi
634 2696 843 2774 vitiis,
872 2697 1124 2781 ,quibus
1169 2720 1382 2765 rerum
1421 2702 1921 2784 magnificentia
1951 2697 2105 2783 plus
2156 2719 2355 2789 quam
2382 2700 2691 2782 simplex

470 2800 686 2889 gratia
728 2801 1077 2883 placebat,
1129 2801 1301 2866 illud
1345 2804 1570 2892 fuisse,
1610 2805 2057 2888 inquinatum.
2149 2800 2317 2866 Inde
2367 2807 2520 2866 nata
2573 2803 2692 2868 est‘

473 2901 616 2964 auri
636 2908 717 2965 .et
747 2897 1010 2984 argenti⁸
1034 2903 1237 2987 copia
1262 2925 1805 2991 gemmarumque
1837 2903 2686 2990 pretiosissimarummul-

469 3003 707 3088 titudo,
766 3001 1013 3086 quibus
1050 3005 1273 3070 omnia
1320 3011 1680 3074 exstructa
1729 3009 1930 3093 atque
1962 3009 2276 3073 distincta
2321 3009 2682 3074 narrantur.

471 3099 629 3180 Sed
661 3106 813 3170 haec
863 3114 1379 3192 compensantur
1425 3113 1701 3195 pulchro
1740 3114 1918 3191 loco,
1945 3132 2081 3197 quo
2124 3109 2361 3176 Venus
2389 3111 2460 3172 in
2490 3110 2679 3176 cultu

469 3212 776 3295 corporis
822 3218 1160 3295 occupata
1201 3212 1594 3298 Gratiaeque
1648 3216 1750 3279 illi
1779 3217 2233 3281 ministrantes
2276 3214 2679 3279 inducuntur

467 3307 996 3397 (v.‘97-109.);
1043 3321 1114 3377 et
1142 3315 1262 3379 illo
1287 3336 1424 3379 non
1471 3318 1690 3381 minus
1721 3326 2024 3398 venusto,
2083 3339 2220 3403 quo
2274 3315 2677 3381 Venus.Cu-

462 3413 699 3497 pidini,
726 3415 930 3500 quem
980 3418 1265 3482 victoria
1317 3420 1856 3503 superbientem,
1893 3419 2159 3503 rem‘que
2190 3426 2447 3502 gestam
2490 3418 2675 3488 festi-

463 3517 695 3581 nanter
725 3526 797 3582 et
827 3521 1095 3586 concise
1142 3528 1520 3614 narrantem
1552 3524 1802 3606 gremio
1836 3529 2217 3607 exceperat,
2250 3542 2390 3607 prae
2427 3521 2671 3603 gaudio

463 3618 631 3683 nihil
656 3624 1038 3706 respondet,
1069 3626 1194 3690 sed
1241 3623 1489 3704 statim,
1524 3634 1760 3692 ornatu
1790 3626 2095 3709 corporis
2126 3625 2502 3689 accelerato
2534 3643 2672 3689 ces—

462 3724 673 3804 toque
708 3732 998 3808 arrepto,
1032 3729 1118 3792 ad
1138 3729 1333 3793 littus
1364 3729 1708 3814 properat,
1740 3721 2160 3812 Amoresque
2191 3727 2325 3791 alio
2349 3722 2556 3790 alium
2584 3725 2682 3791 ad¹

464 3819 803 3889 Tritonem
831 3831 1300 3923 arcessendum
1325 3835 1608 3915 praemio
1627 3834 1981 3916 proposito
2006 3830 2301 3894 dimittit.
2377 3827 2668 3895 Pulchra

465 3944 734 4013 quoque
775 3939 889 3999 ‚est
917 3934 1034 3997 illa
1082 3953 1305 4012 scena,
1366 3955 1570 4018 quam
1605 3934 1804 4019 poeta
1853 3933 2163 3998 carminis
2206 3948 2440 3997 xxx1.
2486 3932 2662 4016 prin-

465 4031 648 4115 cipio
686 4034 906 4098 oculis
956 4038 1290 4118 proponit.
1379 4037 1618 4104 Venus
1668 4038 1737 4100 in
1765 4034 2151 4101 umbraculo
2204 4033 2456 4098 vitibus
2509 4052 2663 4097 con·

462 4138 649 4199 texto
680 4155 881 4221 super
908 4136 1108 4202 flores
1133 4139 1428 4203 molliter
1473 4139 1801 4203 reclinata
1833 4157 2130 4202 somnum
2154 4136 2341 4221 capit
2360 4134 2449 4200 ad
2495 4134 2680 4204 solis

467 4243 710 4304 aestum
737 4238 1098 4311 vitandum·
1189 4239 1527 4328 Nymphae
1556 4247 1622 4309 et
1644 4235 1903 4308 Gratiae
1948 4237 2078 4305 Sub
2121 4240 2373 4323 ingenti
2413 4256 2657 4323 quercu
