<?xml version="1.0" encoding="UTF-8"?>
<!DOCTYPE html PUBLIC "-//W3C//DTD XHTML 1.0 Transitional//EN"
    "http://www.w3.org/TR/xhtml1/DTD/xhtml1-transitional.dtd">
<html xmlns="http://www.w3.org/1999/xhtml" xml:lang="en" lang="en">
 <head>
  <title>
</title>
<meta http-equiv="Content-Type" content="text/html;charset=utf-8" />
  <meta name='ocr-system' content='tesseract 3.04.00' />
  <meta name='ocr-capabilities' content='ocr_page ocr_carea ocr_par ocr_line ocrx_word'/>
</head>
<body>
  <div class='ocr_page' id='page_1' title='image "./operaomniavolum00claugoog_0052.png"; bbox 0 0 2925 4928; ppageno 0'>
   <div class='ocr_carea' id='block_1_1' title="bbox 482 396 1865 473">
    <p class='ocr_par' dir='ltr' id='par_1_1' title="bbox 482 396 1865 473">
     <span class='ocr_line' id='line_1_1' title="bbox 482 396 1865 473; baseline -0.009 0"><span class='ocrx_word' id='word_1_1' title='bbox 482 396 572 473; x_wconf 75' lang='lat'><strong>84</strong></span> <span class='ocrx_word' id='word_1_2' title='bbox 1290 411 1698 465; x_wconf 65' lang='lat' dir='ltr'><strong>rnonncou</strong></span> <span class='ocrx_word' id='word_1_3' title='bbox 1714 409 1865 462; x_wconf 70' lang='lat' dir='ltr'><strong>ENA</strong></span> 
     </span>
    </p>
   </div>
   <div class='ocr_carea' id='block_1_2' title="bbox 481 548 2718 4264">
    <p class='ocr_par' dir='ltr' id='par_1_2' title="bbox 481 548 2718 1379">
     <span class='ocr_line' id='line_1_2' title="bbox 481 548 2711 645; baseline -0.006 -8"><span class='ocrx_word' id='word_1_4' title='bbox 481 571 798 637; x_wconf 80' lang='lat' dir='ltr'><strong>miseram</strong></span> <span class='ocrx_word' id='word_1_5' title='bbox 840 564 1032 634; x_wconf 85' lang='lat' dir='ltr'><strong>illam</strong></span> <span class='ocrx_word' id='word_1_6' title='bbox 1080 568 1147 632; x_wconf 91' lang='lat' dir='ltr'><strong>et</strong></span> <span class='ocrx_word' id='word_1_7' title='bbox 1169 552 1178 565; x_wconf 81' lang='grc'><strong><em>’</em></strong></span> <span class='ocrx_word' id='word_1_8' title='bbox 1203 563 1489 632; x_wconf 84' lang='lat' dir='ltr'><strong>comites</strong></span> <span class='ocrx_word' id='word_1_9' title='bbox 1540 548 1833 645; x_wconf 53' lang='lat' dir='ltr'><strong>falleret,</strong></span> <span class='ocrx_word' id='word_1_10' title='bbox 1881 561 2001 627; x_wconf 88' lang='lat' dir='ltr'><strong>sed</strong></span> <span class='ocrx_word' id='word_1_11' title='bbox 2027 559 2295 640; x_wconf 75' lang='lat' dir='ltr'><strong>frustra,</strong></span> <span class='ocrx_word' id='word_1_12' title='bbox 2326 558 2711 627; x_wconf 82' lang='lat' dir='ltr'><strong>reticentur</strong></span> 
     </span>
     <span class='ocr_line' id='line_1_3' title="bbox 482 666 2715 755; baseline -0.006 -14"><span class='ocrx_word' id='word_1_13' title='bbox 482 673 661 751; x_wconf 77' lang='lat' dir='ltr'><strong>haec,</strong></span> <span class='ocrx_word' id='word_1_14' title='bbox 689 680 758 739; x_wconf 93' lang='lat' dir='ltr'><strong>et</strong></span> <span class='ocrx_word' id='word_1_15' title='bbox 780 668 1041 738; x_wconf 81' lang='lat' dir='ltr'><strong>ruboris</strong></span> <span class='ocrx_word' id='word_1_16' title='bbox 1064 669 1501 755; x_wconf 84' lang='lat' dir='ltr'><strong>descriptioni</strong></span> <span class='ocrx_word' id='word_1_17' title='bbox 1527 669 1663 734; x_wconf 90' lang='lat' dir='ltr'><strong>hoc</strong></span> <span class='ocrx_word' id='word_1_18' title='bbox 1690 672 1947 733; x_wconf 88' lang='lat' dir='ltr'><strong>tantum</strong></span> <span class='ocrx_word' id='word_1_19' title='bbox 1976 666 2382 753; x_wconf 86' lang='lat' dir='ltr'><strong>adjungitur:</strong></span> <span class='ocrx_word' id='word_1_20' title='bbox 2422 668 2715 729; x_wconf 82' lang='lat' dir='ltr'><strong>noctem·</strong></span> 
     </span>
     <span class='ocr_line' id='line_1_4' title="bbox 484 759 2718 855; baseline -0.005 -12"><span class='ocrx_word' id='word_1_21' title='bbox 484 778 777 843; x_wconf 85' lang='lat' dir='ltr'><strong>venisse.</strong></span> <span class='ocrx_word' id='word_1_22' title='bbox 867 774 1041 855; x_wconf 84' lang='lat' dir='ltr'><strong>Quae</strong></span> <span class='ocrx_word' id='word_1_23' title='bbox 1070 775 1202 841; x_wconf 91' lang='lat' dir='ltr'><strong>hoc</strong></span> <span class='ocrx_word' id='word_1_24' title='bbox 1252 774 1409 838; x_wconf 90' lang='lat' dir='ltr'><strong>loco</strong></span> <span class='ocrx_word' id='word_1_25' title='bbox 1468 773 1833 849; x_wconf 88' lang='lat' dir='ltr'><strong>desideres,</strong></span> <span class='ocrx_word' id='word_1_26' title='bbox 1894 769 2062 835; x_wconf 85' lang='lat' dir='ltr'><strong>infra</strong></span> <span class='ocrx_word' id='word_1_27' title='bbox 2115 767 2267 855; x_wconf 86' lang='lat'>(111.</span> <span class='ocrx_word' id='word_1_28' title='bbox 2296 768 2447 833; x_wconf 79' lang='lat'><strong>207.</strong></span> <span class='ocrx_word' id='word_1_29' title='bbox 2482 759 2718 852; x_wconf 72' lang='lat' dir='ltr'><strong>sqq.).·1</strong></span> 
     </span>
     <span class='ocr_line' id='line_1_5' title="bbox 484 869 2710 963; baseline -0.006 -18"><span class='ocrx_word' id='word_1_30' title='bbox 484 878 757 947; x_wconf 84' lang='lat' dir='ltr'><strong>Electra</strong></span> <span class='ocrx_word' id='word_1_31' title='bbox 782 900 871 943; x_wconf 86' lang='lat' dir='ltr'><strong>ex</strong></span> <span class='ocrx_word' id='word_1_32' title='bbox 899 886 1097 963; x_wconf 87' lang='lat' dir='ltr'><strong>parte</strong></span> <span class='ocrx_word' id='word_1_33' title='bbox 1124 879 1381 942; x_wconf 76' lang='lat' dir='ltr'><strong>narrat.</strong></span> <span class='ocrx_word' id='word_1_34' title='bbox 1473 874 1719 941; x_wconf 86' lang='lat' dir='ltr'><strong>Contra</strong></span> <span class='ocrx_word' id='word_1_35' title='bbox 1762 873 2133 952; x_wconf 79' lang='lat' dir='ltr'><strong>miraberiS,</strong></span> <span class='ocrx_word' id='word_1_36' title='bbox 2166 871 2541 949; x_wconf 87' lang='lat' dir='ltr'><strong>Plutonem,</strong></span> <span class='ocrx_word' id='word_1_37' title='bbox 2574 869 2710 955; x_wconf 92' lang='lat' dir='ltr'><strong>qui</strong></span> 
     </span>
     <span class='ocr_line' id='line_1_6' title="bbox 488 971 2715 1054; baseline -0.005 -6"><span class='ocrx_word' id='word_1_38' title='bbox 488 984 572 1048; x_wconf 89' lang='lat' dir='ltr'><strong>de</strong></span> <span class='ocrx_word' id='word_1_39' title='bbox 596 982 646 1047; x_wconf 87' lang='lat' dir='ltr'><strong>-J</strong></span> <span class='ocrx_word' id='word_1_40' title='bbox 651 983 798 1048; x_wconf 91' lang='lat' dir='ltr'><strong>ovis</strong></span> <span class='ocrx_word' id='word_1_41' title='bbox 829 982 1115 1046; x_wconf 89' lang='lat' dir='ltr'><strong>consilio</strong></span> <span class='ocrx_word' id='word_1_42' title='bbox 1144 980 1438 1045; x_wconf 87' lang='lat' dir='ltr'><strong>nondum</strong></span> <span class='ocrx_word' id='word_1_43' title='bbox 1470 982 1612 1044; x_wconf 89' lang='lat' dir='ltr'><strong>erat</strong></span> <span class='ocrx_word' id='word_1_44' title='bbox 1661 977 1970 1054; x_wconf 87' lang='lat' dir='ltr'><strong>edoctus,</strong></span> <span class='ocrx_word' id='word_1_45' title='bbox 2021 995 2143 1040; x_wconf 89' lang='lat' dir='ltr'><strong>nec</strong></span> <span class='ocrx_word' id='word_1_46' title='bbox 2200 974 2482 1053; x_wconf 89' lang='lat' dir='ltr'><strong>sciebat,</strong></span> <span class='ocrx_word' id='word_1_47' title='bbox 2528 971 2715 1037; x_wconf 88' lang='lat' dir='ltr'><strong>Pro-·</strong></span> 
     </span>
     <span class='ocr_line' id='line_1_7' title="bbox 489 1078 2708 1170; baseline -0.006 -17"><span class='ocrx_word' id='word_1_48' title='bbox 489 1085 832 1170; x_wconf 88' lang='lat' dir='ltr'><strong>serpinam</strong></span> <span class='ocrx_word' id='word_1_49' title='bbox 857 1085 992 1148; x_wconf 85' lang='lat' dir='ltr'><strong>sibi</strong></span> <span class='ocrx_word' id='word_1_50' title='bbox 1022 1083 1451 1159; x_wconf 88' lang='lat' dir='ltr'><strong>destinatam,</strong></span> <span class='ocrx_word' id='word_1_51' title='bbox 1482 1101 1607 1146; x_wconf 91' lang='lat' dir='ltr'><strong>nec</strong></span> <span class='ocrx_word' id='word_1_52' title='bbox 1637 1080 1754 1146; x_wconf 90' lang='lat' dir='ltr'><strong>ubi</strong></span> <span class='ocrx_word' id='word_1_53' title='bbox 1794 1079 2090 1162; x_wconf 86' lang='lat' dir='ltr'><strong>gentium</strong></span> <span class='ocrx_word' id='word_1_54' title='bbox 2137 1078 2259 1142; x_wconf 89' lang='lat' dir='ltr'><strong>illa</strong></span> <span class='ocrx_word' id='word_1_55' title='bbox 2303 1081 2708 1155; x_wconf 86' lang='lat' dir='ltr'><strong>moraretur,</strong></span> 
     </span>
     <span class='ocr_line' id='line_1_8' title="bbox 489 1187 2714 1269; baseline -0.005 -14"><span class='ocrx_word' id='word_1_56' title='bbox 489 1189 920 1256; x_wconf 86' lang='lat' dir='ltr'><strong>nihilominus</strong></span> <span class='ocrx_word' id='word_1_57' title='bbox 951 1196 1173 1253; x_wconf 88' lang='lat' dir='ltr'><strong>tamen</strong></span> <span class='ocrx_word' id='word_1_58' title='bbox 1201 1188 1322 1252; x_wconf 92' lang='lat' dir='ltr'><strong>iter</strong></span> <span class='ocrx_word' id='word_1_59' title='bbox 1351 1187 1438 1253; x_wconf 92' lang='lat' dir='ltr'><strong>ad</strong></span> <span class='ocrx_word' id='word_1_60' title='bbox 1488 1204 1768 1269; x_wconf 89' lang='lat' dir='ltr'><strong>superos</strong></span> <span class='ocrx_word' id='word_1_61' title='bbox 1797 1202 2061 1268; x_wconf 85' lang='lat' dir='ltr'><strong>parare,</strong></span> <span class='ocrx_word' id='word_1_62' title='bbox 2110 1192 2453 1267; x_wconf 86' lang='lat' dir='ltr'><strong>equosque</strong></span> <span class='ocrx_word' id='word_1_63' title='bbox 2503 1198 2714 1245; x_wconf 88' lang='lat' dir='ltr'><strong>curru</strong></span> 
     </span>
     <span class='ocr_line' id='line_1_9' title="bbox 483 1289 2335 1379; baseline -0.006 -20"><span class='ocrx_word' id='word_1_64' title='bbox 483 1291 759 1377; x_wconf 84' lang='lat' dir='ltr'><strong>junctos</strong></span> <span class='ocrx_word' id='word_1_65' title='bbox 777 1293 923 1379; x_wconf 89' lang='lat' dir='ltr'><strong>jam</strong></span> <span class='ocrx_word' id='word_1_66' title='bbox 946 1297 1228 1375; x_wconf 89' lang='lat' dir='ltr'><strong>paratos</strong></span> <span class='ocrx_word' id='word_1_67' title='bbox 1259 1294 1416 1356; x_wconf 86' lang='lat' dir='ltr'><strong>ante</strong></span> <span class='ocrx_word' id='word_1_68' title='bbox 1444 1290 1623 1356; x_wconf 85' lang='lat' dir='ltr'><strong>fores</strong></span> <span class='ocrx_word' id='word_1_69' title='bbox 1649 1289 2335 1352; x_wconf 89' lang='lat' dir='ltr'><strong>habere..</strong></span> 
     </span>
    </p>

    <p class='ocr_par' dir='ltr' id='par_1_3' title="bbox 492 1387 2714 4264">
     <span class='ocr_line' id='line_1_10' title="bbox 581 1387 2712 1483; baseline -0.006 -20"><span class='ocrx_word' id='word_1_70' title='bbox 581 1398 895 1483; x_wconf 85' lang='lat' dir='ltr'><strong>Sequitur</strong></span> <span class='ocrx_word' id='word_1_71' title='bbox 946 1399 1115 1462; x_wconf 91' lang='lat' dir='ltr'><strong>liber</strong></span> <span class='ocrx_word' id='word_1_72' title='bbox 1176 1396 1539 1463; x_wconf 89' lang='lat' dir='ltr'><strong>secundus.</strong></span> <span class='ocrx_word' id='word_1_73' title='bbox 1630 1394 1816 1460; x_wconf 90' lang='lat' dir='ltr'><strong>Luce</strong></span> <span class='ocrx_word' id='word_1_74' title='bbox 1871 1391 2160 1456; x_wconf 90' lang='lat' dir='ltr'><strong>nondum</strong></span> <span class='ocrx_word' id='word_1_75' title='bbox 2218 1393 2363 1454; x_wconf 91' lang='lat' dir='ltr'><strong>orta</strong></span> <span class='ocrx_word' id='word_1_76' title='bbox 2420 1387 2712 1452; x_wconf 86' lang='lat' dir='ltr'><strong>Proser-</strong></span> 
     </span>
     <span class='ocr_line' id='line_1_11' title="bbox 492 1486 2714 1585; baseline -0.005 -21"><span class='ocrx_word' id='word_1_77' title='bbox 492 1500 655 1585; x_wconf 83' lang='lat' dir='ltr'><strong>pina</strong></span> <span class='ocrx_word' id='word_1_78' title='bbox 711 1519 866 1564; x_wconf 88' lang='lat' dir='ltr'><strong>cum</strong></span> <span class='ocrx_word' id='word_1_79' title='bbox 926 1499 1184 1565; x_wconf 85' lang='lat' dir='ltr'><strong>deabus</strong></span> <span class='ocrx_word' id='word_1_80' title='bbox 1244 1498 1558 1562; x_wconf 88' lang='lat' dir='ltr'><strong>Hennam</strong></span> <span class='ocrx_word' id='word_1_81' title='bbox 1628 1498 1800 1580; x_wconf 90' lang='lat' dir='ltr'><strong>petit</strong></span> <span class='ocrx_word' id='word_1_82' title='bbox 1868 1493 2181 1559; x_wconf 82' lang='lat' dir='ltr'><strong>monstris</strong></span> <span class='ocrx_word' id='word_1_83' title='bbox 2250 1486 2714 1576; x_wconf 78' lang='lat' dir='ltr'><strong>nequicquam</strong></span> 
     </span>
     <span class='ocr_line' id='line_1_12' title="bbox 493 1595 2710 1686; baseline -0.004 -19"><span class='ocrx_word' id='word_1_84' title='bbox 493 1603 750 1668; x_wconf 88' lang='lat' dir='ltr'><strong>monita</strong></span> <span class='ocrx_word' id='word_1_85' title='bbox 775 1603 868 1680; x_wconf 84' lang='lat' dir='ltr'><strong>(v.</strong></span> <span class='ocrx_word' id='word_1_86' title='bbox 900 1599 1194 1686; x_wconf 70' lang='lat'>1-10.).</span> <span class='ocrx_word' id='word_1_87' title='bbox 1288 1601 1571 1671; x_wconf 85' lang='lat' dir='ltr'><strong>Frustra</strong></span> <span class='ocrx_word' id='word_1_88' title='bbox 1601 1600 1877 1684; x_wconf 79' lang='lat' dir='ltr'><strong>quaeriS,</strong></span> <span class='ocrx_word' id='word_1_89' title='bbox 1902 1618 2039 1683; x_wconf 89' lang='lat' dir='ltr'><strong>qua</strong></span> <span class='ocrx_word' id='word_1_90' title='bbox 2064 1617 2133 1662; x_wconf 89' lang='lat' dir='ltr'><strong>re</strong></span> <span class='ocrx_word' id='word_1_91' title='bbox 2163 1597 2250 1661; x_wconf 92' lang='lat' dir='ltr'><strong>sit</strong></span> <span class='ocrx_word' id='word_1_92' title='bbox 2279 1595 2594 1673; x_wconf 82' lang='lat' dir='ltr'><strong>adducta,</strong></span> <span class='ocrx_word' id='word_1_93' title='bbox 2628 1599 2710 1659; x_wconf 90' lang='lat' dir='ltr'><strong>ut</strong></span> 
     </span>
     <span class='ocr_line' id='line_1_13' title="bbox 495 1698 2714 1790; baseline -0.003 -21"><span class='ocrx_word' id='word_1_94' title='bbox 495 1706 730 1771; x_wconf 87' lang='lat' dir='ltr'><strong>matris</strong></span> <span class='ocrx_word' id='word_1_95' title='bbox 799 1710 1143 1790; x_wconf 76' lang='lat' dir='ltr'><strong>praecepta</strong></span> <span class='ocrx_word' id='word_1_96' title='bbox 1213 1705 1591 1788; x_wconf 73' lang='lat' dir='ltr'><strong>negligeret.</strong></span> <span class='ocrx_word' id='word_1_97' title='bbox 1682 1703 1839 1784; x_wconf 84' lang='lat' dir='ltr'><strong>Quo</strong></span> <span class='ocrx_word' id='word_1_98' title='bbox 1913 1701 2311 1768; x_wconf 83' lang='lat' dir='ltr'><strong>divinationi</strong></span> <span class='ocrx_word' id='word_1_99' title='bbox 2378 1698 2714 1764; x_wconf 84' lang='lat' dir='ltr'><strong>lectorum</strong></span> 
     </span>
     <span class='ocr_line' id='line_1_14' title="bbox 494 1803 2705 1893; baseline -0.002 -22"><span class='ocrx_word' id='word_1_100' title='bbox 494 1808 758 1886; x_wconf 86' lang='lat' dir='ltr'><strong>relicto,</strong></span> <span class='ocrx_word' id='word_1_101' title='bbox 813 1809 885 1873; x_wconf 92' lang='lat' dir='ltr'><strong>in</strong></span> <span class='ocrx_word' id='word_1_102' title='bbox 943 1809 1151 1887; x_wconf 90' lang='lat' dir='ltr'><strong>cultu,</strong></span> <span class='ocrx_word' id='word_1_103' title='bbox 1206 1829 1340 1893; x_wconf 93' lang='lat' dir='ltr'><strong>quo</strong></span> <span class='ocrx_word' id='word_1_104' title='bbox 1399 1808 1812 1892; x_wconf 86' lang='lat' dir='ltr'><strong>Proserpina·</strong></span> <span class='ocrx_word' id='word_1_105' title='bbox 1853 1812 1920 1871; x_wconf 91' lang='lat' dir='ltr'><strong>et</strong></span> <span class='ocrx_word' id='word_1_106' title='bbox 1967 1806 2113 1870; x_wconf 88' lang='lat' dir='ltr'><strong>deae</strong></span> <span class='ocrx_word' id='word_1_107' title='bbox 2142 1803 2389 1869; x_wconf 87' lang='lat' dir='ltr'><strong>fuerint</strong></span> <span class='ocrx_word' id='word_1_108' title='bbox 2419 1808 2705 1880; x_wconf 71' lang='lat' dir='ltr'><strong>ornatae,</strong></span> 
     </span>
     <span class='ocr_line' id='line_1_15' title="bbox 497 1905 2708 1991; baseline -0.001 -16"><span class='ocrx_word' id='word_1_109' title='bbox 497 1910 937 1980; x_wconf 90' lang='lat' dir='ltr'><strong>describendo</strong></span> <span class='ocrx_word' id='word_1_110' title='bbox 988 1932 1124 1977; x_wconf 91' lang='lat' dir='ltr'><strong>non</strong></span> <span class='ocrx_word' id='word_1_111' title='bbox 1176 1914 1523 1978; x_wconf 88' lang='lat' dir='ltr'><strong>invenuste</strong></span> <span class='ocrx_word' id='word_1_112' title='bbox 1555 1910 1975 1976; x_wconf 78' lang='lat' dir='ltr'><strong>Claudianus</strong></span> <span class='ocrx_word' id='word_1_113' title='bbox 2026 1905 2708 1991; x_wconf 65' lang='lat' dir='ltr'><strong>occupatus‹fuit·(-vs</strong></span> 
     </span>
     <span class='ocr_line' id='line_1_16' title="bbox 496 2011 2705 2098; baseline -0.002 -22"><span class='ocrx_word' id='word_1_114' title='bbox 496 2013 834 2098; x_wconf 82' lang='lat'>11—54.).</span> <span class='ocrx_word' id='word_1_115' title='bbox 880 2015 1211 2080; x_wconf 86' lang='lat' dir='ltr'><strong>Euntibus</strong></span> <span class='ocrx_word' id='word_1_116' title='bbox 1242 2016 1510 2080; x_wconf 85' lang='lat' dir='ltr'><strong>additur</strong></span> <span class='ocrx_word' id='word_1_117' title='bbox 1536 2014 2006 2098; x_wconf 87' lang='lat' dir='ltr'><strong>Nympharum</strong></span> <span class='ocrx_word' id='word_1_118' title='bbox 2038 2031 2295 2093; x_wconf 86' lang='lat' dir='ltr'><strong>agmen,</strong></span> <span class='ocrx_word' id='word_1_119' title='bbox 2326 2011 2502 2073; x_wconf 88' lang='lat' dir='ltr'><strong>inter</strong></span> <span class='ocrx_word' id='word_1_120' title='bbox 2528 2028 2705 2092; x_wconf 84' lang='lat' dir='ltr'><strong>quas</strong></span> 
     </span>
     <span class='ocr_line' id='line_1_17' title="bbox 500 2113 2710 2205; baseline -0.002 -24"><span class='ocrx_word' id='word_1_121' title='bbox 500 2115 732 2202; x_wconf 86' lang='lat' dir='ltr'><strong>Cyane</strong></span> <span class='ocrx_word' id='word_1_122' title='bbox 790 2120 1037 2184; x_wconf 91' lang='lat' dir='ltr'><strong>eminet</strong></span> <span class='ocrx_word' id='word_1_123' title='bbox 1103 2118 1204 2205; x_wconf 84' lang='lat' dir='ltr'><strong>(v.</strong></span> <span class='ocrx_word' id='word_1_124' title='bbox 1259 2114 1599 2200; x_wconf 81' lang='lat'><strong>55—70.).</strong></span> <span class='ocrx_word' id='word_1_125' title='bbox 1691 2116 1964 2194; x_wconf 89' lang='lat' dir='ltr'><strong>Henna,</strong></span> <span class='ocrx_word' id='word_1_126' title='bbox 2023 2135 2175 2180; x_wconf 89' lang='lat' dir='ltr'><strong>cum</strong></span> <span class='ocrx_word' id='word_1_127' title='bbox 2227 2114 2515 2179; x_wconf 88' lang='lat' dir='ltr'><strong>vidisset</strong></span> <span class='ocrx_word' id='word_1_128' title='bbox 2550 2113 2710 2178; x_wconf 85' lang='lat' dir='ltr'><strong>illas</strong></span> 
     </span>
     <span class='ocr_line' id='line_1_18' title="bbox 501 2217 2710 2304; baseline -0 -21"><span class='ocrx_word' id='word_1_129' title='bbox 501 2219 966 2298; x_wconf 83' lang='lat' dir='ltr'><strong>adventantes,</strong></span> <span class='ocrx_word' id='word_1_130' title='bbox 999 2219 1381 2304; x_wconf 85' lang='lat' dir='ltr'><strong>Zephyrum</strong></span> <span class='ocrx_word' id='word_1_131' title='bbox 1411 2227 1628 2302; x_wconf 89' lang='lat' dir='ltr'><strong>rogat,</strong></span> <span class='ocrx_word' id='word_1_132' title='bbox 1658 2225 1736 2283; x_wconf 90' lang='lat' dir='ltr'><strong>ut</strong></span> <span class='ocrx_word' id='word_1_133' title='bbox 1763 2220 2024 2295; x_wconf 88' lang='lat' dir='ltr'><strong>vallem,</strong></span> <span class='ocrx_word' id='word_1_134' title='bbox 2054 2238 2174 2304; x_wconf 90' lang='lat' dir='ltr'><strong>per</strong></span> <span class='ocrx_word' id='word_1_135' title='bbox 2202 2237 2273 2282; x_wconf 91' lang='lat' dir='ltr'><strong>se</strong></span> <span class='ocrx_word' id='word_1_136' title='bbox 2308 2217 2451 2301; x_wconf 88' lang='lat' dir='ltr'><strong>jam</strong></span> <span class='ocrx_word' id='word_1_137' title='bbox 2497 2236 2710 2282; x_wconf 88' lang='lat' dir='ltr'><strong>amoe-</strong></span> 
     </span>
     <span class='ocr_line' id='line_1_19' title="bbox 498 2320 2706 2405; baseline -0.001 -19"><span class='ocrx_word' id='word_1_138' title='bbox 498 2341 678 2399; x_wconf 89' lang='lat' dir='ltr'><strong>nam,</strong></span> <span class='ocrx_word' id='word_1_139' title='bbox 739 2323 1113 2401; x_wconf 79' lang='lat' dir='ltr'><strong>arboribuS‚</strong></span> <span class='ocrx_word' id='word_1_140' title='bbox 1176 2323 1420 2402; x_wconf 88' lang='lat' dir='ltr'><strong>herbis,</strong></span> <span class='ocrx_word' id='word_1_141' title='bbox 1476 2323 1753 2387; x_wconf 88' lang='lat' dir='ltr'><strong>fioribus</strong></span> <span class='ocrx_word' id='word_1_142' title='bbox 1810 2326 2090 2386; x_wconf 85' lang='lat' dir='ltr'><strong>exornet</strong></span> <span class='ocrx_word' id='word_1_143' title='bbox 2147 2320 2706 2405; x_wconf 84' lang='lat' dir='ltr'><strong>exquisitissimis</strong></span> 
     </span>
     <span class='ocr_line' id='line_1_20' title="bbox 500 2422 2701 2513; baseline -0.002 -21"><span class='ocrx_word' id='word_1_144' title='bbox 500 2422 602 2511; x_wconf 89' lang='lat' dir='ltr'><strong>(v.</strong></span> <span class='ocrx_word' id='word_1_145' title='bbox 626 2425 1005 2513; x_wconf 50' lang='lat'>71—117‘.)</span> <span class='ocrx_word' id='word_1_146' title='bbox 1052 2426 1238 2491; x_wconf 87' lang='lat' dir='ltr'><strong>Satis</strong></span> <span class='ocrx_word' id='word_1_147' title='bbox 1267 2427 1435 2490; x_wconf 89' lang='lat' dir='ltr'><strong>bene</strong></span> <span class='ocrx_word' id='word_1_148' title='bbox 1464 2426 1638 2490; x_wconf 90' lang='lat' dir='ltr'><strong>hunc</strong></span> <span class='ocrx_word' id='word_1_149' title='bbox 1660 2426 1886 2490; x_wconf 89' lang='lat' dir='ltr'><strong>locum</strong></span> <span class='ocrx_word' id='word_1_150' title='bbox 1917 2425 2230 2490; x_wconf 79' lang='lat' dir='ltr'><strong>tractavit</strong></span> <span class='ocrx_word' id='word_1_151' title='bbox 2259 2422 2701 2503; x_wconf 74' lang='lat' dir='ltr'><strong>ClaudianuS,</strong></span> 
     </span>
     <span class='ocr_line' id='line_1_21' title="bbox 502 2527 2703 2615; baseline -0.001 -19"><span class='ocrx_word' id='word_1_152' title='bbox 502 2528 624 2596; x_wconf 83' lang='lat' dir='ltr'><strong>sed</strong></span> <span class='ocrx_word' id='word_1_153' title='bbox 654 2530 938 2612; x_wconf 86' lang='lat' dir='ltr'><strong>singulis</strong></span> <span class='ocrx_word' id='word_1_154' title='bbox 984 2551 1070 2595; x_wconf 85' lang='lat' dir='ltr'><strong>ex</strong></span> <span class='ocrx_word' id='word_1_155' title='bbox 1102 2530 1336 2597; x_wconf 88' lang='lat' dir='ltr'><strong>saeculi</strong></span> <span class='ocrx_word' id='word_1_156' title='bbox 1366 2530 1631 2615; x_wconf 90' lang='lat' dir='ltr'><strong>ingenio</strong></span> <span class='ocrx_word' id='word_1_157' title='bbox 1660 2530 1860 2595; x_wconf 90' lang='lat' dir='ltr'><strong>nimis</strong></span> <span class='ocrx_word' id='word_1_158' title='bbox 1901 2548 2184 2613; x_wconf 85' lang='lat' dir='ltr'><strong>operose</strong></span> <span class='ocrx_word' id='word_1_159' title='bbox 2216 2527 2703 2613; x_wconf 88' lang='lat' dir='ltr'><strong>persequendis</strong></span> 
     </span>
     <span class='ocr_line' id='line_1_22' title="bbox 502 2632 2706 2717; baseline -0 -21"><span class='ocrx_word' id='word_1_160' title='bbox 502 2632 1006 2717; x_wconf 88' lang='lat' dir='ltr'><strong>simplicitatem</strong></span> <span class='ocrx_word' id='word_1_161' title='bbox 1058 2635 1376 2717; x_wconf 86' lang='lat' dir='ltr'><strong>neglexit.</strong></span> <span class='ocrx_word' id='word_1_162' title='bbox 1468 2635 1650 2698; x_wconf 92' lang='lat' dir='ltr'><strong>Dum</strong></span> <span class='ocrx_word' id='word_1_163' title='bbox 1704 2634 1990 2715; x_wconf 81' lang='lat' dir='ltr'><strong>virgInes</strong></span> <span class='ocrx_word' id='word_1_164' title='bbox 2042 2634 2110 2697; x_wconf 87' lang='lat' dir='ltr'><strong>in</strong></span> <span class='ocrx_word' id='word_1_165' title='bbox 2153 2632 2431 2697; x_wconf 89' lang='lat' dir='ltr'><strong>fioribus</strong></span> <span class='ocrx_word' id='word_1_166' title='bbox 2482 2633 2706 2715; x_wconf 58' lang='lat' dir='ltr'><strong>legenf-</strong></span> 
     </span>
     <span class='ocr_line' id='line_1_23' title="bbox 501 2734 2704 2836; baseline 0 -38"><span class='ocrx_word' id='word_1_167' title='bbox 501 2734 608 2799; x_wconf 85' lang='lat' dir='ltr'><strong>dis</strong></span> <span class='ocrx_word' id='word_1_168' title='bbox 639 2740 797 2800; x_wconf 89' lang='lat' dir='ltr'><strong>sunt</strong></span> <span class='ocrx_word' id='word_1_169' title='bbox 824 2743 1176 2821; x_wconf 77' lang='lat' dir='ltr'><strong>occupatae</strong></span> <span class='ocrx_word' id='word_1_170' title='bbox 1218 2737 1318 2836; x_wconf 87' lang='lat' dir='ltr'><strong>(v.</strong></span> <span class='ocrx_word' id='word_1_171' title='bbox 1350 2737 1773 2817; x_wconf 81' lang='lat'><strong>118—150.),</strong></span> <span class='ocrx_word' id='word_1_172' title='bbox 1801 2739 2025 2803; x_wconf 90' lang='lat' dir='ltr'><strong>subito</strong></span> <span class='ocrx_word' id='word_1_173' title='bbox 2068 2736 2329 2818; x_wconf 81' lang='lat' dir='ltr'><strong>fragore</strong></span> <span class='ocrx_word' id='word_1_174' title='bbox 2363 2739 2704 2802; x_wconf 90' lang='lat' dir='ltr'><strong>terrentur.</strong></span> 
     </span>
     <span class='ocr_line' id='line_1_24' title="bbox 502 2835 2701 2924; baseline 0 -22"><span class='ocrx_word' id='word_1_175' title='bbox 502 2835 706 2902; x_wconf 84' lang='lat' dir='ltr'><strong>Pluto</strong></span> <span class='ocrx_word' id='word_1_176' title='bbox 736 2858 1001 2921; x_wconf 88' lang='lat' dir='ltr'><strong>nempe,</strong></span> <span class='ocrx_word' id='word_1_177' title='bbox 1048 2840 1252 2924; x_wconf 91' lang='lat' dir='ltr'><strong>cujus</strong></span> <span class='ocrx_word' id='word_1_178' title='bbox 1305 2860 1541 2905; x_wconf 90' lang='lat' dir='ltr'><strong>currus</strong></span> <span class='ocrx_word' id='word_1_179' title='bbox 1591 2842 1836 2905; x_wconf 89' lang='lat' dir='ltr'><strong>misero</strong></span> <span class='ocrx_word' id='word_1_180' title='bbox 1889 2840 2251 2917; x_wconf 88' lang='lat' dir='ltr'><strong>Encelado,</strong></span> <span class='ocrx_word' id='word_1_181' title='bbox 2305 2840 2425 2904; x_wconf 85' lang='lat' dir='ltr'><strong>vix</strong></span> <span class='ocrx_word' id='word_1_182' title='bbox 2477 2841 2701 2903; x_wconf 83' lang='lat' dir='ltr'><strong>AEtnae</strong></span> 
     </span>
     <span class='ocr_line' id='line_1_25' title="bbox 501 2940 2699 3027; baseline 0.001 -22"><span class='ocrx_word' id='word_1_183' title='bbox 501 2941 750 3005; x_wconf 79' lang='lat' dir='ltr'><strong>&#39;molem</strong></span> <span class='ocrx_word' id='word_1_184' title='bbox 781 2943 1158 3022; x_wconf 90' lang='lat' dir='ltr'><strong>sustinenti,</strong></span> <span class='ocrx_word' id='word_1_185' title='bbox 1179 2945 1349 3010; x_wconf 90' lang='lat' dir='ltr'><strong>altos</strong></span> <span class='ocrx_word' id='word_1_186' title='bbox 1380 2946 1604 3009; x_wconf 91' lang='lat' dir='ltr'><strong>sulcos</strong></span> <span class='ocrx_word' id='word_1_187' title='bbox 1635 2944 1952 3027; x_wconf 87' lang='lat' dir='ltr'><strong>imprimit</strong></span> <span class='ocrx_word' id='word_1_188' title='bbox 1979 2944 2204 3026; x_wconf 87' lang='lat' dir='ltr'><strong>(quale</strong></span> <span class='ocrx_word' id='word_1_189' title='bbox 2222 2944 2616 3026; x_wconf 83' lang='lat' dir='ltr'><strong>phantasma</strong></span> <span class='ocrx_word' id='word_1_190' title='bbox 2629 2940 2699 3027; x_wconf 69' lang='lat' dir='ltr'><strong>l)</strong></span> 
     </span>
     <span class='ocr_line' id='line_1_26' title="bbox 502 3043 2703 3130; baseline 0.002 -23"><span class='ocrx_word' id='word_1_191' title='bbox 502 3043 755 3108; x_wconf 83' lang='lat' dir='ltr'><strong>exitum</strong></span> <span class='ocrx_word' id='word_1_192' title='bbox 808 3065 961 3111; x_wconf 90' lang='lat' dir='ltr'><strong>cum</strong></span> <span class='ocrx_word' id='word_1_193' title='bbox 1020 3047 1259 3130; x_wconf 87' lang='lat' dir='ltr'><strong>quaerit</strong></span> <span class='ocrx_word' id='word_1_194' title='bbox 1313 3067 1437 3111; x_wconf 91' lang='lat' dir='ltr'><strong>nec</strong></span> <span class='ocrx_word' id='word_1_195' title='bbox 1507 3047 1786 3126; x_wconf 83' lang='lat' dir='ltr'><strong>invenit,</strong></span> <span class='ocrx_word' id='word_1_196' title='bbox 1840 3048 2080 3111; x_wconf 88' lang='lat' dir='ltr'><strong>trabali</strong></span> <span class='ocrx_word' id='word_1_197' title='bbox 2138 3052 2408 3130; x_wconf 89' lang='lat' dir='ltr'><strong>sceptro</strong></span> <span class='ocrx_word' id='word_1_198' title='bbox 2465 3051 2703 3111; x_wconf 88' lang='lat' dir='ltr'><strong>terram</strong></span> 
     </span>
     <span class='ocr_line' id='line_1_27' title="bbox 501 3143 2709 3233; baseline 0.005 -25"><span class='ocrx_word' id='word_1_199' title='bbox 501 3143 681 3224; x_wconf 84' lang='lat' dir='ltr'><strong>ferit,</strong></span> <span class='ocrx_word' id='word_1_200' title='bbox 744 3149 1102 3232; x_wconf 91' lang='lat' dir='ltr'><strong>omniaque</strong></span> <span class='ocrx_word' id='word_1_201' title='bbox 1162 3151 1348 3233; x_wconf 86' lang='lat' dir='ltr'><strong>gravi</strong></span> <span class='ocrx_word' id='word_1_202' title='bbox 1403 3155 1588 3214; x_wconf 89' lang='lat' dir='ltr'><strong>motu</strong></span> <span class='ocrx_word' id='word_1_203' title='bbox 1639 3153 2110 3215; x_wconf 86' lang='lat' dir='ltr'><strong>concutiuntur</strong></span> <span class='ocrx_word' id='word_1_204' title='bbox 2138 3152 2230 3228; x_wconf 83' lang='lat' dir='ltr'><strong>(v.</strong></span> <span class='ocrx_word' id='word_1_205' title='bbox 2286 3146 2709 3233; x_wconf 44' lang='lat'>151—185.)</span> 
     </span>
     <span class='ocr_line' id='line_1_28' title="bbox 503 3247 2703 3339; baseline 0.002 -26"><span class='ocrx_word' id='word_1_206' title='bbox 503 3247 750 3313; x_wconf 85' lang='lat' dir='ltr'><strong>Terror</strong></span> <span class='ocrx_word' id='word_1_207' title='bbox 806 3255 1095 3334; x_wconf 87' lang='lat' dir='ltr'><strong>occupat</strong></span> <span class='ocrx_word' id='word_1_208' title='bbox 1152 3271 1394 3336; x_wconf 86' lang='lat' dir='ltr'><strong>supera</strong></span> <span class='ocrx_word' id='word_1_209' title='bbox 1442 3252 1541 3338; x_wconf 76' lang='lat' dir='ltr'><strong>(v,</strong></span> <span class='ocrx_word' id='word_1_210' title='bbox 1572 3252 1997 3339; x_wconf 61' lang='lat' dir='ltr'><strong>mss-192).</strong></span> <span class='ocrx_word' id='word_1_211' title='bbox 2090 3253 2265 3339; x_wconf 90' lang='lat' dir='ltr'><strong>Equi</strong></span> <span class='ocrx_word' id='word_1_212' title='bbox 2314 3254 2600 3335; x_wconf 91' lang='lat' dir='ltr'><strong>primum</strong></span> <span class='ocrx_word' id='word_1_213' title='bbox 2632 3253 2703 3317; x_wconf 91' lang='lat' dir='ltr'><strong>in</strong></span> 
     </span>
     <span class='ocr_line' id='line_1_29' title="bbox 502 3353 2702 3446; baseline 0.002 -29"><span class='ocrx_word' id='word_1_214' title='bbox 502 3353 647 3417; x_wconf 84' lang='lat' dir='ltr'><strong>sole</strong></span> <span class='ocrx_word' id='word_1_215' title='bbox 690 3353 1001 3437; x_wconf 90' lang='lat' dir='ltr'><strong>caligant,</strong></span> <span class='ocrx_word' id='word_1_216' title='bbox 1058 3374 1219 3446; x_wconf 80' lang='lat' dir='ltr'><strong>mox</strong></span> <span class='ocrx_word' id='word_1_217' title='bbox 1264 3356 1435 3420; x_wconf 88' lang='lat' dir='ltr'><strong>lucis</strong></span> <span class='ocrx_word' id='word_1_218' title='bbox 1485 3358 1816 3440; x_wconf 87' lang='lat' dir='ltr'><strong>patientes</strong></span> <span class='ocrx_word' id='word_1_219' title='bbox 1869 3364 1938 3422; x_wconf 90' lang='lat' dir='ltr'><strong>et</strong></span> <span class='ocrx_word' id='word_1_220' title='bbox 1992 3358 2263 3421; x_wconf 87' lang='lat' dir='ltr'><strong>verbere</strong></span> <span class='ocrx_word' id='word_1_221' title='bbox 2293 3357 2555 3421; x_wconf 89' lang='lat' dir='ltr'><strong>incitati</strong></span> <span class='ocrx_word' id='word_1_222' title='bbox 2583 3357 2702 3422; x_wconf 88' lang='lat' dir='ltr'><strong>iter</strong></span> 
     </span>
     <span class='ocr_line' id='line_1_30' title="bbox 502 3455 2703 3545; baseline 0.002 -25"><span class='ocrx_word' id='word_1_223' title='bbox 502 3455 804 3521; x_wconf 71' lang='lat' dir='ltr'><strong>‘celeriter</strong></span> <span class='ocrx_word' id='word_1_224' title='bbox 854 3457 1208 3541; x_wconf 87' lang='lat' dir='ltr'><strong>perficiunt</strong></span> <span class='ocrx_word' id='word_1_225' title='bbox 1234 3456 1332 3545; x_wconf 84' lang='lat' dir='ltr'><strong>(v.</strong></span> <span class='ocrx_word' id='word_1_226' title='bbox 1364 3459 1781 3541; x_wconf 67' lang='lat'>102—203.).</span> <span class='ocrx_word' id='word_1_227' title='bbox 1871 3460 2276 3545; x_wconf 88' lang='lat' dir='ltr'><strong>Proserpina</strong></span> <span class='ocrx_word' id='word_1_228' title='bbox 2322 3462 2390 3524; x_wconf 92' lang='lat' dir='ltr'><strong>in</strong></span> <span class='ocrx_word' id='word_1_229' title='bbox 2444 3479 2703 3525; x_wconf 85' lang='lat' dir='ltr'><strong>currum</strong></span> 
     </span>
     <span class='ocr_line' id='line_1_31' title="bbox 503 3560 2702 3646; baseline 0.001 -23"><span class='ocrx_word' id='word_1_230' title='bbox 503 3565 704 3643; x_wconf 86' lang='lat' dir='ltr'><strong>rapta</strong></span> <span class='ocrx_word' id='word_1_231' title='bbox 734 3560 1039 3626; x_wconf 89' lang='lat' dir='ltr'><strong>Minerva</strong></span> <span class='ocrx_word' id='word_1_232' title='bbox 1068 3569 1137 3625; x_wconf 90' lang='lat' dir='ltr'><strong>et</strong></span> <span class='ocrx_word' id='word_1_233' title='bbox 1167 3562 1395 3626; x_wconf 88' lang='lat' dir='ltr'><strong>Diana</strong></span> <span class='ocrx_word' id='word_1_234' title='bbox 1444 3570 1783 3646; x_wconf 88' lang='lat' dir='ltr'><strong>raptorem</strong></span> <span class='ocrx_word' id='word_1_235' title='bbox 1829 3563 2168 3640; x_wconf 89' lang='lat' dir='ltr'><strong>invadunt,</strong></span> <span class='ocrx_word' id='word_1_236' title='bbox 2202 3564 2320 3628; x_wconf 90' lang='lat' dir='ltr'><strong>illa</strong></span> <span class='ocrx_word' id='word_1_237' title='bbox 2356 3562 2702 3627; x_wconf 87' lang='lat' dir='ltr'><strong>minaciter</strong></span> 
     </span>
     <span class='ocr_line' id='line_1_32' title="bbox 506 3664 2703 3750; baseline 0.002 -24"><span class='ocrx_word' id='word_1_238' title='bbox 506 3681 662 3726; x_wconf 90' lang='lat' dir='ltr'><strong>eum</strong></span> <span class='ocrx_word' id='word_1_239' title='bbox 691 3666 1010 3746; x_wconf 88' lang='lat' dir='ltr'><strong>increpat,</strong></span> <span class='ocrx_word' id='word_1_240' title='bbox 1036 3664 1307 3750; x_wconf 86' lang='lat' dir='ltr'><strong>jamque</strong></span> <span class='ocrx_word' id='word_1_241' title='bbox 1360 3668 1646 3730; x_wconf 89' lang='lat' dir='ltr'><strong>missura</strong></span> <span class='ocrx_word' id='word_1_242' title='bbox 1696 3675 1838 3731; x_wconf 87' lang='lat' dir='ltr'><strong>erat</strong></span> <span class='ocrx_word' id='word_1_243' title='bbox 1894 3668 2176 3745; x_wconf 88' lang='lat' dir='ltr'><strong>hastam,</strong></span> <span class='ocrx_word' id='word_1_244' title='bbox 2209 3665 2329 3734; x_wconf 88' lang='lat' dir='ltr'><strong>sed</strong></span> <span class='ocrx_word' id='word_1_245' title='bbox 2357 3665 2631 3730; x_wconf 87' lang='lat' dir='ltr'><strong>fulmine</strong></span> <span class='ocrx_word' id='word_1_246' title='bbox 2661 3686 2703 3731; x_wconf 88' lang='lat' dir='ltr'><strong>a</strong></span> 
     </span>
     <span class='ocr_line' id='line_1_33' title="bbox 507 3762 2701 3855; baseline 0.001 -25"><span class='ocrx_word' id='word_1_247' title='bbox 507 3762 688 3832; x_wconf 78' lang='lat' dir='ltr'><strong>Jove</strong></span> <span class='ocrx_word' id='word_1_248' title='bbox 748 3766 952 3829; x_wconf 88' lang='lat' dir='ltr'><strong>misso</strong></span> <span class='ocrx_word' id='word_1_249' title='bbox 1010 3767 1376 3833; x_wconf 80' lang='lat' dir='ltr'><strong>deterretur</strong></span> <span class='ocrx_word' id='word_1_250' title='bbox 1430 3768 1532 3855; x_wconf 87' lang='lat' dir='ltr'><strong>(v.</strong></span> <span class='ocrx_word' id='word_1_251' title='bbox 1561 3767 1990 3852; x_wconf 78' lang='lat'><strong>204—233.).</strong></span> <span class='ocrx_word' id='word_1_252' title='bbox 2082 3769 2425 3848; x_wconf 82' lang='lat' dir='ltr'><strong>Quidnam</strong></span> <span class='ocrx_word' id='word_1_253' title='bbox 2460 3767 2701 3833; x_wconf 88' lang='lat' dir='ltr'><strong>Veneri</strong></span> 
     </span>
     <span class='ocr_line' id='line_1_34' title="bbox 506 3866 2701 3956; baseline 0.003 -25"><span class='ocrx_word' id='word_1_254' title='bbox 506 3866 855 3944; x_wconf 87' lang='lat' dir='ltr'><strong>acciderit,</strong></span> <span class='ocrx_word' id='word_1_255' title='bbox 906 3874 1122 3932; x_wconf 87' lang='lat' dir='ltr'><strong>utrum</strong></span> <span class='ocrx_word' id='word_1_256' title='bbox 1180 3890 1334 3934; x_wconf 89' lang='lat' dir='ltr'><strong>cum</strong></span> <span class='ocrx_word' id='word_1_257' title='bbox 1387 3873 1658 3954; x_wconf 86' lang='lat' dir='ltr'><strong>reliquis</strong></span> <span class='ocrx_word' id='word_1_258' title='bbox 1711 3871 2065 3954; x_wconf 87' lang='lat' dir='ltr'><strong>aufugerit,</strong></span> <span class='ocrx_word' id='word_1_259' title='bbox 2099 3892 2183 3936; x_wconf 88' lang='lat' dir='ltr'><strong>an</strong></span> <span class='ocrx_word' id='word_1_260' title='bbox 2230 3878 2459 3956; x_wconf 88' lang='lat' dir='ltr'><strong>partes</strong></span> <span class='ocrx_word' id='word_1_261' title='bbox 2491 3877 2701 3939; x_wconf 86' lang='lat' dir='ltr'><strong>mutas</strong></span> 
     </span>
     <span class='ocr_line' id='line_1_35' title="bbox 509 3970 2703 4057; baseline 0.002 -24"><span class='ocrx_word' id='word_1_262' title='bbox 509 3970 741 4052; x_wconf 90' lang='lat' dir='ltr'><strong>egerit,</strong></span> <span class='ocrx_word' id='word_1_263' title='bbox 774 3971 840 4033; x_wconf 93' lang='lat' dir='ltr'><strong>in</strong></span> <span class='ocrx_word' id='word_1_264' title='bbox 870 3970 1074 4034; x_wconf 89' lang='lat' dir='ltr'><strong>dubio</strong></span> <span class='ocrx_word' id='word_1_265' title='bbox 1105 3979 1208 4036; x_wconf 88' lang='lat' dir='ltr'><strong>est</strong></span> <span class='ocrx_word' id='word_1_266' title='bbox 1241 3973 1560 4038; x_wconf 86' lang='lat' dir='ltr'><strong>relictum.</strong></span> <span class='ocrx_word' id='word_1_267' title='bbox 1628 3972 1888 4051; x_wconf 77' lang='lat' dir='ltr'><strong>Oratio,</strong></span> <span class='ocrx_word' id='word_1_268' title='bbox 1922 3994 2055 4057; x_wconf 87' lang='lat' dir='ltr'><strong>qua</strong></span> <span class='ocrx_word' id='word_1_269' title='bbox 2076 3974 2501 4057; x_wconf 83' lang='lat' dir='ltr'><strong>Prose1pinae</strong></span> <span class='ocrx_word' id='word_1_270' title='bbox 2532 3974 2703 4039; x_wconf 85' lang='lat' dir='ltr'><strong>vale·</strong></span> 
     </span>
     <span class='ocr_line' id='line_1_36' title="bbox 507 4071 2698 4161; baseline 0.003 -25"><span class='ocrx_word' id='word_1_271' title='bbox 507 4071 671 4137; x_wconf 91' lang='lat' dir='ltr'><strong>dicit</strong></span> <span class='ocrx_word' id='word_1_272' title='bbox 704 4073 1027 4152; x_wconf 87' lang='lat' dir='ltr'><strong>Minerva,</strong></span> <span class='ocrx_word' id='word_1_273' title='bbox 1060 4074 1320 4139; x_wconf 87' lang='lat' dir='ltr'><strong>dolores</strong></span> <span class='ocrx_word' id='word_1_274' title='bbox 1353 4077 1558 4140; x_wconf 90' lang='lat' dir='ltr'><strong>habet</strong></span> <span class='ocrx_word' id='word_1_275' title='bbox 1612 4079 1831 4142; x_wconf 90' lang='lat' dir='ltr'><strong>nullos</strong></span> <span class='ocrx_word' id='word_1_276' title='bbox 1887 4077 2007 4142; x_wconf 90' lang='lat' dir='ltr'><strong>sed</strong></span> <span class='ocrx_word' id='word_1_277' title='bbox 2064 4079 2342 4141; x_wconf 89' lang='lat' dir='ltr'><strong>multum</strong></span> <span class='ocrx_word' id='word_1_278' title='bbox 2397 4081 2558 4140; x_wconf 83' lang='lat' dir='ltr'><strong>artis</strong></span> <span class='ocrx_word' id='word_1_279' title='bbox 2605 4074 2698 4161; x_wconf 83' lang='lat' dir='ltr'><strong>(v.</strong></span> 
     </span>
     <span class='ocr_line' id='line_1_37' title="bbox 508 4173 2702 4264; baseline 0.002 -26"><span class='ocrx_word' id='word_1_280' title='bbox 508 4173 930 4256; x_wconf 65' lang='lat'>234—246.).</span> <span class='ocrx_word' id='word_1_281' title='bbox 1021 4180 1135 4244; x_wconf 89' lang='lat' dir='ltr'><strong>Sic</strong></span> <span class='ocrx_word' id='word_1_282' title='bbox 1178 4201 1438 4264; x_wconf 78' lang='lat' dir='ltr'><strong>quoque</strong></span> <span class='ocrx_word' id='word_1_283' title='bbox 1472 4185 1660 4248; x_wconf 86' lang='lat' dir='ltr'><strong>docte</strong></span> <span class='ocrx_word' id='word_1_284' title='bbox 1717 4183 2067 4247; x_wconf 84' lang='lat' dir='ltr'><strong>lamentari</strong></span> <span class='ocrx_word' id='word_1_285' title='bbox 2113 4184 2478 4264; x_wconf 87' lang='lat' dir='ltr'><strong>vicemque</strong></span> <span class='ocrx_word' id='word_1_286' title='bbox 2524 4199 2702 4244; x_wconf 89' lang='lat' dir='ltr'><strong>suam</strong></span> 
     </span>
    </p>
   </div>
   <div class='ocr_carea' id='block_1_3' title="bbox 499 4276 2697 4374">
    <p class='ocr_par' dir='ltr' id='par_1_4' title="bbox 499 4276 2697 4374">
     <span class='ocr_line' id='line_1_38' title="bbox 499 4276 2697 4374; baseline 0.002 -29.007"><span class='ocrx_word' id='word_1_287' title='bbox 499 4276 732 4361; x_wconf 76' lang='lat' dir='ltr'><strong>lugere</strong></span> <span class='ocrx_word' id='word_1_288' title='bbox 780 4279 1193 4369; x_wconf 84' lang='lat' dir='ltr'><strong>Proserpina</strong></span> <span class='ocrx_word' id='word_1_289' title='bbox 1238 4285 1476 4353; x_wconf 90' lang='lat' dir='ltr'><strong>didicit</strong></span> <span class='ocrx_word' id='word_1_290' title='bbox 1502 4285 1600 4374; x_wconf 85' lang='lat' dir='ltr'><strong>(v.</strong></span> <span class='ocrx_word' id='word_1_291' title='bbox 1631 4284 2055 4370; x_wconf 53' lang='lat'><strong>247—2720.</strong></span> <span class='ocrx_word' id='word_1_292' title='bbox 2142 4283 2449 4352; x_wconf 83' lang='lat' dir='ltr'><strong>Tandem</strong></span> <span class='ocrx_word' id='word_1_293' title='bbox 2479 4284 2697 4365; x_wconf 90' lang='lat' dir='ltr'><strong>Pluto,</strong></span> 
     </span>
    </p>
   </div>
  </div>
 </body>
</html>
