2925 4928
930 405 1013 468 ιιι
1034 442 1039 445 -
1061 417 1418 469 kunnun
1471 420 1718 471 nim-1.
2291 408 2425 479 w

221 558 452 625 'Arctos
475 560 640 626 alit:
686 566 918 646 turpes
945 560 1235 641 habitus,
1266 564 1722 649 obscaenaque
1747 566 1901 632 visu
1951 584 1959 595 ·
2133 582 2142 591 ·
2290 568 2423 635 325

221 656 537 746 Corpora3
581 684 768 746 mens
798 666 963 729 duro
989 676 1325 748 nunquam
1355 684 1635 731 cessura
1661 668 1896 734 labori.
1927 714 1946 721 ι.

216 764 452 832 Praeda
481 769 704 845 cibuS,
734 767 1007 833 vitanda
1036 766 1263 847 Ceres,
1294 767 1710 853 frontemque
1737 771 1956 836 secari

215 865 460 948 Ludus,
492 877 565 933 et
593 871 862 934 occisos
891 871 1240 954 pulchrum
1261 869 1495 953 jurare
1520 876 1851 954 parentes».
1913 908 1916 913 >

215 966 350 1034 Nee
381 971 937 1054 plus-nubigenas
966 970 1221 1056 duplex
1241 978 1480 1038 natura
1506 974 1827 1041 biformes

210 1165 290 1213 qua
308 1151 526 1201 natione
548 1154 676 1203 haud
698 1155 843 1204 uuam
863 1155 1018 1219 nutrit
1047 1156 1172 1205 Ursa
1194 1158 1528 1208 crudeliorem.-
1548 1157 1709 1218 facies
1727 1159 1882 1222 hujus
1903 1164 2023 1208 sunt
2032 1159 2199 1222 foecloe,
2230 1164 2274 1210 et
2311 1172 2416 1210 cor-

206 1231 311 1277 pora
331 1217 497 1280 turpia
515 1224 708 1282 aspectu
726 1237 744 1269 .-
769 1220 954 1269 animus
984 1234 1224 1284 nunquam
1250 1221 1551 1285 frangendus
1588 1224 1744 1272 labore
1778 1224 1938 1285 gravi.
2004 1224 2298 1274 Alimentum
2342 1241 2410 1275 ex

208 1282 393 1344 rapina.-
422 1283 839 1346 panisfugiendus
853 1293 949 1347 est,
967 1290 1025 1335 et-
1037 1288 1248 1350 voluptas
1267 1293 1351 1338 est
1371 1303 1423 1337 os
1441 1289 1665 1350 lacerari,
1687 1293 1736 1337 et
1748 1290 2008 1350 gloriosam
2026 1295 2098 1339 est
2111 1290 2292 1353 jurare
2317 1305 2412 1355 per

200 1351 354 1408 patres
374 1347 670 1408 interfectos.
737 1350 903 1414 Neque
924 1356 1096 1401 natura
1129 1352 1325 1415 gemina
1355 1354 1511 1415 magis
1543 1354 1904 1404 accommodavit
1929 1356 2188 1404 Centauros
2224 1356 2413 1406 bimem-

1129 1480 1273 1499 O‘m
1276 1480 1487 1500 “““““

199 1572 312 1615 non.
335 1559 577 1611 Florent.
595 1561 700 1611 duo
716 1561 863 1614 Med.
885 1564 1127 1614 tres-vat.
1150 1566 1264 1618 Pal.
1283 1566 1434 1616 Fam.
1454 1564 1618 1616 Oisel.
1641 1565 1843 1615 Mazar.
1862 1565 2048 1623 Petav.
2067 1580 2145 1628 pr.
2179 1566 2410 1628 liquidum

196 1623 333 1673 Prie.
355 1625 491 1675 Exc.
514 1625 637 1676 Pat.
662 1642 768 1677 rec.
825 1645 918 1692 qua
936 1632 1027 1678 non
1037 1629 1272 1691 famosius
1295 1631 1428 1694 Reg.
1471 1630 1708 1691 famosius
1729 1630 1853 1680 Vat.
1880 1645 1984 1680 sec.
2010 1631 2155 1681 Prie.
2190 1639 2409 1695 quatuor

197 1688 334 1761 Med.
360 1691 490 1740 Lov.
516 1692 712 1743 MoretL
735 1708 843 1743 sec.
861 1696 1060 1744 Bonon.
1080 1695 1287 1745 TboIoS.
1310 1695 1433 1746 Pat.
1461 1702 1569 1745 tres
1590 1694 1773 1744 Ambr.
1798 1697 1927 1759 Reg.
1945 1696 2073 1744 Put.
2094 1701 2201 1745 tres
2219 1695 2407 1748 Petav.

193 1753 389 1806 OE'huan.
414 1756 551 1813 Exc.
586 1757 809 1808 'Gemi-t.
851 1768 905 1809 et
943 1761 1167 1810 LucenS.
1207 1775 1311 1810 sec.
1349 1760 1475 1810 Ald.
1529 1762 1787 1810 animosius
1809 1761 2038 1810 Florent.
2077 1761 2202 1811 Vat.
2239 1762 2407 1813 Livin.

193 1820 443 1870 aabnosius
466 1822 553 1871 vel
578 1821 817 1882 famosius
836 1824 961 1874 Vat.
985 1824 1366 1889 pr.'firmosius
1390 1825 1555 1876 Oisel.
1613 1825 1865 1874 violentius
1899 1827 2099 1875 Mazar.
2148 1826 2409 1884 defer-unius

193 1884 271 1934 ed.
296 1885 477 1936 Parm.
499 1887 630 1937 Exc.
655 1889 777 1939 Pat.
817 1904 924 1939 rec.
945 1905 975 1939 a
999 1906 1065 1940 m.
1100 1905 1207 1940 sec.
1246 1898 1301 1941 et
1325 1890 1642 1940 Laeti.-325
1677 1891 1849 1940 Arctos
1869 1891 2008 1939 habet
2031 1892 2114 1940 ed.
2151 1891 2325 1941 Vicet.
2349 1900 2406 1943 et

191 1948 316 2000 Exc.
342 1951 469 2000 Pa't.
494 1964 608 2003 rec.
630 1953 794 2017 'turpes
809 1955 929 2007 Vat.
954 1971 1032 2018 pr.
1057 1962 1162 2005 vet.
1188 1955 1316 2019 Gyr.
1335 1957 1460 2005 Vat.
1489 1955 1655 2004 Livin.
1681 1957 1809 2005 Exc.
1832 1957 2053 2006 Laneus,
2078 1970 2184 2005 sec.
2242 1957 2406 2006 tristes

192 2021 290 2065 tres
307 2017 436 2066 Vat.
462 2017 579 2066 Pal.
605 2019 759 2067 Farn.
782 2021 920 2069 Prie.
944 2022 1074 2071 Exc.
1098 2022 1421 2071 Lesa—326
1447 2036 1570 2083 gens
1592 2020 1739 2070 Med.
1762 2027 1887 2071 tert.
1922 2023 2043 2070 dara
2067 2022 2222 2070 Farn.
2254 2023 2405 2070 dolori

190 2079 328 2130 Rott.
354 2081 593 2132 Floreat.
618 2084 767 2133 Leid.
798 2084 1083 2135 Ald.—32⁷
1117 2087 1269 2136 secari
1308 2087 1433 2135 Vat.
1459 2100 1539 2151 pr.
1578 2100 1737 2150 marg.
1780 2087 1971 2148 Isingr.
2012 2087 2139 2136 Exc.
2182 2087 2403 2137 Lucens.

188 2159 336 2196 secare
357 2146 486 2199 Put.
511 2148 643 2211 Reg.
680 2150 878 2201 Mazar.
909 2157 1014 2200 tres
1049 2151 1236 2202 PetaV.
1273 2150 1418 2201 Med.
1460 2166 1542 2212 pr.
1579 2151 1777 2201 Incert.
1817 2152 2004 2200 Heius.
2043 2150 2242 2200 Bonon.
2278 2151 2403 2202 Pat.

188 2210 382 2263 stoios.
408 2212 516 2262 duo
538 2212 726 2264 Ambr.
766 2223 870 2266 vet.
894 2216 1027 2281 Gyr.
1065 2217 1257 2266 Moret.
1291 2231 1396 2266 sec.
1431 2217 1603 2266 Oxou.
1637 2232 1716 2280 pr.
1739 2216 1841 2265 duo
1866 2217 2010 2265 Leid.
2036 2224 2257 2280 quatuor
2278 2217 2400 2266 Vat.

189 2273 342 2326 Oisel.
368 2279 503 2328 Exc.
540 2280 694 2344 Laeti,
724 2287 781 2330 et
800 2281 923 2331 Var.
946 2282 1051 2330 LL.
1075 2281 1159 2331 ed.
1183 2281 1342 2331 Antv.
1363 2282 1665 2344 fratremque
1700 2297 1857 2331 secare
1881 2282 1995 2330 Pal.
2028 2282 2182 2331 Fam.
2219 2280 2403 2332 Ambr.

188 2354 260 2403 pr.
284 2343 435 2393 Med.
460 2360 544 2408 pr.
566 2360 699 2398 unus
727 2346 906 2396 Heius.
932 2347 1107 2404 Oxon.
1132 2361 1211 2409 pr.
1233 2347 1426 2396 Thuan.
1446 2346 1570 2396 Ald.
1592 2348 1724 2399 Exc.
1748 2348 1967 2396 Gevart.
1989 2346 2292 2410 frontemque
2314 2349 2396 2397 vel

178 2403 469 2473 fratremque
486 2425 660 2463 ,secare
696 2411 867 2461 Oxou.
906 2426 988 2475 pr.
1040 2411 1341 2478 frontemque
1376 2413 1457 2462 vel
1486 2411 1761 2476 fratresque
1796 2427 1955 2461 secare
1993 2412 2223 2461 Florent.
2264 2413 2398 2461 Exc.

186 2471 326 2523 Leti.
370 2474 648 2540 fratresque
664 2493 846 2528 caecare
869 2478 1013 2527 Med.
1035 2485 1208 2542 quart.
1249 2478 1527 2541 fratresque
1558 2494 1716 2527 secare
1748 2478 1832 2527 ed.
1869 2479 2044 2527 Pal-m.
2070 2478 2242 2527 Vicet.
2287 2477 2400 2536 sra-

183 2541 388 2603 &mque
408 2545 581 2591 necare
596 2542 721 2591 Vat.
745 2551 916 2607 quart.
940 2544 1086 2592 Rott.
1109 2543 1255 2592 Med.
1276 2559 1383 2594 sec.
1406 2543 1681 2606 fratresque
1702 2559 1867 2592 necare
1888 2543 2074 2603 Isingr.
2093 2542 2400 2605 frontemque

184 2616 332 2654 mare
354 2607 438 2653 vel
454 2604 758 2670 fratremque
789 2623 954 2658 necare
976 2609 1271 2658 Low—328
1304 2611 1460 2658 Lusus
1481 2610 1680 2659 Bonon.
1704 2609 1834 2658 Exc.
1857 2608 2075 2658 LucenS.
2109 2608 2256 2656 occiso
2278 2607 2396 2655 Pal.

182 2668 328 2722 sitm
343 2669 496 2726 Prie.
517 2671 694 2731 jurare
715 2673 798 2721 vel
809 2674 1037 2734 jugulare
1062 2674 1189 2737 Reg.
1214 2674 1316 2724 duo
1342 2671 1532 2726 oxon„
1559 2689 1647 2737 per
1666 2689 1798 2723 enses
1822 2688 1914 2737 pro
1948 2678 2166 2735 parentes
2202 2674 2396 2728 Moret'.

183 2745 284 2786 sec.
307 2749 340 2787 a
361 2750 429 2785 m.
454 2742 707 2799 pre—329
742 2738 855 2787 Non
877 2740 1111 2792 Florent.
1134 2738 1281 2794 Med.
1304 2753 1410 2789 sec.
1450 2739 1566 2789 Pal.
1592 2740 1788 2788 Mazar.
1845 2737 2065 2797 biformes
2103 2737 2227 2786 Put.
2267 2738 2396 2798 Reg.

184 2796 377 2850 innan.
398 2800 609 2852 Bonon.
642 2802 775 2852 Pat.
813 2804 1011 2856 Mazar.
1050 2804 1177 2855 Lov.
1198 2803 1306 2856 ,duo
1329 2803 1515 2854 Ambr.
1556 2811 1663 2854 tres
1688 2804 1811 2854 Pet.
1836 2804 2030 2853 Moret.
2053 2816 2157 2852 sec.
2195 2801 2318 2852 Ald.
2338 2808 2395 2853 et

671 2980 677 2986 ·
763 2955 797 2985 f
879 2976 881 2979 ⁴
1120 3012 1126 3030 Δ.
1174 2956 1390 3009 NOTAE

183 3080 377 3118 manum
402 3069 595 3134 saepius
621 3068 935 3121 afflixerunt.
1174 3077 1185 3082 ”
1327 3070 1477 3132 bant,
1522 3068 1796 3119 herbarum
1838 3067 2097 3118 radicibus
2154 3074 2211 3118 et
2244 3067 2393 3118 semi·

239 3147 333 3195 324
371 3146 579 3210 Tanain]
649 3147 756 3197 Hic
793 3154 877 3197 est
912 3144 1098 3196 fluvius
1121 3146 1246 3211 Scy·
1326 3146 1488 3197 cruda
1511 3161 1665 3197 carne
1691 3152 1975 3196 vescentes.

183 3219 313 3284 thiaeg
334 3225 602 3273 extremus
639 3224 781 3275 Asiae
813 3233 867 3275 et
891 3226 1114 3290 Europae
1140 3233 1243 3275 ter·
1391 3225 1620 3276 Frontem
1639 3223 1815 3289 secari]
1870 3224 2119 3272 Frontem
2159 3221 2295 3272 notis
2334 3230 2391 3273 et

181 3296 353 3361 minus,
374 3301 531 3364 vulgo
548 3301 688 3351 Dan.-
723 3317 779 3352 se
801 3307 1049 3352 exonerat
1070 3303 1120 3351 in
1154 3317 1244 3366 pa·
1325 3302 1582 3366 stigmatis
1625 3302 1845 3351 inurere.
1914 3299 2022 3349 Alii
2068 3299 2251 3362 legunt
2277 3298 2391 3359 fra-

182 3372 344 3424 ludem
366 3378 427 3426 M
431 3377 697 3428 aeotidem.
1324 3387 1511 3443 tresque
1530 3395 1714 3429 necare.
2347 3375 2372 3394 '⁰

237 3452 533 3519 Deformius]
598 3454 805 3504 Genus·
832 3454 1132 3519 deformiuS,
1187 3461 1242 3505 et
1388 3460 1487 3505 328
1526 3456 1715 3505 Occiso-s
1732 3453 1979 3524 parentes]
2015 3454 2157 3503 Quos
2182 3450 2278 3515 ipsi
2302 3459 2388 3501 oe·

180 3531 326 3593 magis
345 3530 659 3582 infamatum
683 3548 776 3581 sua
798 3532 1126 3582 crudelitate.
1321 3532 1590 3593 ciderant3
1628 3532 1680 3581 id
1706 3532 1844 3597 quod
1869 3530 2136 3580 faciebant
2154 3528 2385 3592 Scythae,
2463 3577 2470 3584 ,

237 3610 329 3656 325
359 3608 561 3670 Arctos]
595 3609 972 3672 Ursa,'signum
997 3610 1234 3670 coeleste,
1319 3616 1379 3658 ut
1418 3610 1567 3658 testis
1600 3608 1915 3657 Plutarchus
1954 3608 2006 3655 in
2047 3604 2281 3654 oratione
2317 3604 2383 3652 de

179 3683 383 3738 sumitur
399 3700 500 3750 pto
524 3684 929 3747 Septemtrione.
1318 3682 1526 3733 fortuna
1548 3683 1852 3744 Alexandri,
1895 3682 1980 3747 qui
2020 3696 2105 3730 eos
2135 3679 2385 3730 dedocuit
2409 3693 2417 3701 ·

178 3756 185 3762 '
239 3759 413 3823 Turpes
458 3760 678 3823 habitus]
747 3760 927 3810 Facies
972 3761 1110 3810 notis
1144 3776 1236 3811 seu
1320 3766 1425 3809 tam
1448 3758 1666 3808 ferinam
1689 3758 2066 3808 crudelitatem.

179 3834 416 3900 stigmatis
438 3837 630 3887 inustae
667 3837 733 3885 ad
769 3837 1052 3886 horrorem.
1119 3833 1236 3886 Mos
1379 3838 1558 3886 Jurare
1576 3835 1819 3901 parentes]
1838 3835 1873 3887 J
1880 3849 2027 3884 urare
2050 3848 2146 3898 per
2170 3832 2387 3884 defunc-

179 3911 255 3961 ille
278 3924 422 3964 notus
444 3914 711 3976 Barbaris‚
748 3914 944 3963 invisus
970 3915 1234 3975 Romanis,
1315 3921 1484 3963 torum
1539 3914 1749 3963 umbras
1818 3913 2073 3961 familiare
2135 3911 2383 3977 antiquis.

181 3989 255 4053 qui
275 3992 407 4041 notis
432 3990 706 4040 foedabant
731 3995 930 4041 tantum
954 3991 1231 4041 calumnia·
1314 3992 1432 4040 Mos
1453 3992 1679 4041 manavit
1700 4006 1766 4039 ex
1785 3989 2071 4054 Spartani&

182 4072 323 4131 tores,
343 4069 626 4134 delatores,
647 4083 844 4120 servos.
1378 4070 1476 4115 329
1510 4068 1613 4115 Nec
1630 4065 1764 4130 plus]
1798 4066 1917 4116 Non
1940 4065 2104 4129 magis
2130 4063 2378 4113 Centauri

237 4149 324 4207 327
347 4147 523 4195 Proeda
547 4146 702 4210 cibus]
736 4146 1001 4196 vivebant
1024 4154 1217 4211 rapto..
1312 4144 1459 4207 equis
1495 4144 1673 4208 juncti
1709 4149 1879 4203 erant,
1919 4156 2069 4206 quam
2095 4138 2273 4190 Hunni
2294 4153 2376 4188 as-

243 4222 442 4273 Vitanda
464 4224 631 4286 Ceres]
700 4221 836 4272 Haec
869 4224 987 4272 Dea
1022 4222 1232 4286 frugum
1314 4223 1588 4273 suetudine
1609 4220 1897 4287 equitandi.

183 4302 269 4364 est,
297 4299 503 4362 ponitur
522 4314 620 4363 pro
644 4313 798 4363 pane,
825 4314 856 4347 a
874 4313 975 4365 quo
1005 4298 1232 4350 abstine·
1378 4299 1685 4365 Nubigenas]
1762 4299 2048 4350 Centauros
2101 4298 2251 4345 natos
2305 4307 2374 4345 ex

293 4377 464 4447 Drtpa.
482 4371 533 4431 et
565 4379 686 4431 Var.
711 4380 842 4430 Clas.
1193 4378 1363 4430 Claud.
1659 4429 1664 4432 ,
2208 4373 2240 4425 1
