<?xml version="1.0" encoding="UTF-8"?>
<!DOCTYPE html PUBLIC "-//W3C//DTD XHTML 1.0 Transitional//EN"
    "http://www.w3.org/TR/xhtml1/DTD/xhtml1-transitional.dtd">
<html xmlns="http://www.w3.org/1999/xhtml" xml:lang="en" lang="en">
 <head>
  <title>
</title>
<meta http-equiv="Content-Type" content="text/html;charset=utf-8" />
  <meta name='ocr-system' content='tesseract 3.04.00' />
  <meta name='ocr-capabilities' content='ocr_page ocr_carea ocr_par ocr_line ocrx_word'/>
</head>
<body>
  <div class='ocr_page' id='page_1' title='image "./operaomniavolum00claugoog_0021.png"; bbox 0 0 2925 4928; ppageno 0'>
   <div class='ocr_carea' id='block_1_1' title="bbox 1125 424 2421 488">
    <p class='ocr_par' dir='ltr' id='par_1_1' title="bbox 1125 424 2421 488">
     <span class='ocr_line' id='line_1_1' title="bbox 1125 424 2421 488; baseline 0.001 -1"><span class='ocrx_word' id='word_1_1' title='bbox 1125 434 1516 487; x_wconf 60' lang='lat' dir='ltr'>amsi-om.</span> <span class='ocrx_word' id='word_1_2' title='bbox 2373 424 2421 488; x_wconf 82' lang='lat'><strong>3</strong></span> 
     </span>
    </p>
   </div>
   <div class='ocr_carea' id='block_1_2' title="bbox 236 580 2529 4363">
    <p class='ocr_par' dir='ltr' id='par_1_2' title="bbox 236 580 2442 2932">
     <span class='ocr_line' id='line_1_2' title="bbox 247 580 2415 667; baseline 0.002 -21"><span class='ocrx_word' id='word_1_3' title='bbox 247 599 503 664; x_wconf 86' lang='lat' dir='ltr'>campos</span> <span class='ocrx_word' id='word_1_4' title='bbox 529 585 831 664; x_wconf 79' lang='lat' dir='ltr'>patentes</span> <span class='ocrx_word' id='word_1_5' title='bbox 875 580 1077 646; x_wconf 79' lang='lat' dir='ltr'>fertur</span> <span class='ocrx_word' id='word_1_6' title='bbox 1093 584 1123 646; x_wconf 70' lang='lat' dir='ltr'>‘l</span> <span class='ocrx_word' id='word_1_7' title='bbox 1187 582 1339 666; x_wconf 89' lang='lat' dir='ltr'>quis</span> <span class='ocrx_word' id='word_1_8' title='bbox 1388 586 1459 647; x_wconf 87' lang='lat' dir='ltr'>te</span> <span class='ocrx_word' id='word_1_9' title='bbox 1507 585 1787 667; x_wconf 86' lang='lat' dir='ltr'>propius</span> <span class='ocrx_word' id='word_1_10' title='bbox 1837 604 2100 650; x_wconf 87' lang='lat' dir='ltr'>cursum</span> <span class='ocrx_word' id='word_1_11' title='bbox 2125 586 2415 651; x_wconf 84' lang='lat' dir='ltr'>ferarum</span> 
     </span>
     <span class='ocr_line' id='line_1_3' title="bbox 244 681 2422 774; baseline 0.003 -27"><span class='ocrx_word' id='word_1_12' title='bbox 244 684 498 768; x_wconf 78' lang='lat' dir='ltr'>premit?</span> <span class='ocrx_word' id='word_1_13' title='bbox 538 684 696 768; x_wconf 83' lang='lat' dir='ltr'>quis</span> <span class='ocrx_word' id='word_1_14' title='bbox 725 681 864 749; x_wconf 77' lang='lat' dir='ltr'>ictu</span> <span class='ocrx_word' id='word_1_15' title='bbox 913 684 1186 750; x_wconf 77' lang='lat' dir='ltr'><strong>certiore</strong></span> <span class='ocrx_word' id='word_1_16' title='bbox 1235 704 1394 751; x_wconf 87' lang='lat' dir='ltr'>aves</span> <span class='ocrx_word' id='word_1_17' title='bbox 1437 687 1738 750; x_wconf 81' lang='lat' dir='ltr'><strong>volantes</strong></span> <span class='ocrx_word' id='word_1_18' title='bbox 1785 687 1963 767; x_wconf 75' lang='lat' dir='ltr'>ficet,</span> <span class='ocrx_word' id='word_1_19' title='bbox 2007 688 2283 774; x_wconf 66' lang='lat' dir='ltr'>dejicit?</span> <span class='ocrx_word' id='word_1_20' title='bbox 2347 689 2422 753; x_wconf 89' lang='lat' dir='ltr'>Si</span> 
     </span>
     <span class='ocr_line' id='line_1_4' title="bbox 245 786 2424 875; baseline 0.001 -24"><span class='ocrx_word' id='word_1_21' title='bbox 245 786 414 851; x_wconf 82' lang='lat' dir='ltr'>enses</span> <span class='ocrx_word' id='word_1_22' title='bbox 441 789 638 851; x_wconf 85' lang='lat' dir='ltr'>retusi</span> <span class='ocrx_word' id='word_1_23' title='bbox 666 786 978 852; x_wconf 86' lang='lat' dir='ltr'>vibrandi</span> <span class='ocrx_word' id='word_1_24' title='bbox 1029 799 1204 866; x_wconf 78' lang='lat' dir='ltr'>sunt,</span> <span class='ocrx_word' id='word_1_25' title='bbox 1260 806 1392 872; x_wconf 83' lang='lat' dir='ltr'>qua</span> <span class='ocrx_word' id='word_1_26' title='bbox 1419 788 1515 866; x_wconf 79' lang='lat' dir='ltr'>vi,</span> <span class='ocrx_word' id='word_1_27' title='bbox 1547 808 1680 872; x_wconf 87' lang='lat' dir='ltr'>qua</span> <span class='ocrx_word' id='word_1_28' title='bbox 1711 791 2006 875; x_wconf 86' lang='lat' dir='ltr'>corporis</span> <span class='ocrx_word' id='word_1_29' title='bbox 2035 792 2328 873; x_wconf 70' lang='lat' dir='ltr'>agilitate</span> <span class='ocrx_word' id='word_1_30' title='bbox 2352 790 2424 854; x_wconf 91' lang='lat' dir='ltr'>id</span> 
     </span>
     <span class='ocr_line' id='line_1_5' title="bbox 242 889 2422 978; baseline 0.002 -26"><span class='ocrx_word' id='word_1_31' title='bbox 242 889 393 954; x_wconf 80' lang='lat' dir='ltr'>facis</span> <span class='ocrx_word' id='word_1_32' title='bbox 412 891 443 953; x_wconf 71' lang='lat' dir='ltr'>&#39;l</span> <span class='ocrx_word' id='word_1_33' title='bbox 487 890 567 956; x_wconf 81' lang='lat' dir='ltr'>Si</span> <span class='ocrx_word' id='word_1_34' title='bbox 597 890 761 973; x_wconf 87' lang='lat' dir='ltr'>quid</span> <span class='ocrx_word' id='word_1_35' title='bbox 788 892 878 956; x_wconf 82' lang='lat' dir='ltr'>ex</span> <span class='ocrx_word' id='word_1_36' title='bbox 906 889 991 956; x_wconf 89' lang='lat' dir='ltr'>iis</span> <span class='ocrx_word' id='word_1_37' title='bbox 1019 893 1244 969; x_wconf 76' lang='lat' dir='ltr'>rebuS,</span> <span class='ocrx_word' id='word_1_38' title='bbox 1273 911 1424 975; x_wconf 82' lang='lat' dir='ltr'>quae</span> <span class='ocrx_word' id='word_1_39' title='bbox 1456 894 1542 956; x_wconf 89' lang='lat' dir='ltr'>ad</span> <span class='ocrx_word' id='word_1_40' title='bbox 1565 893 1736 956; x_wconf 84' lang='lat' dir='ltr'>bella</span> <span class='ocrx_word' id='word_1_41' title='bbox 1766 913 2207 978; x_wconf 81' lang='lat' dir='ltr'><strong>campumque</strong></span> <span class='ocrx_word' id='word_1_42' title='bbox 2237 892 2422 956; x_wconf 86' lang='lat' dir='ltr'>Mar-</span> 
     </span>
     <span class='ocr_line' id='line_1_6' title="bbox 243 991 2422 1076; baseline 0.001 -21"><span class='ocrx_word' id='word_1_43' title='bbox 243 991 319 1055; x_wconf 83' lang='lat' dir='ltr'>tis</span> <span class='ocrx_word' id='word_1_44' title='bbox 359 998 422 1056; x_wconf 91' lang='lat' dir='ltr'>et</span> <span class='ocrx_word' id='word_1_45' title='bbox 448 994 711 1057; x_wconf 79' lang='lat' dir='ltr'>urbium</span> <span class='ocrx_word' id='word_1_46' title='bbox 741 993 1142 1059; x_wconf 88' lang='lat' dir='ltr'>munimenta</span> <span class='ocrx_word' id='word_1_47' title='bbox 1185 995 1538 1076; x_wconf 81' lang='lat' dir='ltr'>pertinent,</span> <span class='ocrx_word' id='word_1_48' title='bbox 1571 993 2099 1059; x_wconf 88' lang='lat' dir='ltr'>adumbrandum</span> <span class='ocrx_word' id='word_1_49' title='bbox 2131 1002 2255 1071; x_wconf 87' lang='lat' dir='ltr'>est,</span> <span class='ocrx_word' id='word_1_50' title='bbox 2285 1014 2422 1059; x_wconf 89' lang='lat' dir='ltr'>rem</span> 
     </span>
     <span class='ocr_line' id='line_1_7' title="bbox 241 1095 2421 1179; baseline 0.001 -19"><span class='ocrx_word' id='word_1_51' title='bbox 241 1099 404 1160; x_wconf 81' lang='lat' dir='ltr'>tanta</span> <span class='ocrx_word' id='word_1_52' title='bbox 430 1095 707 1160; x_wconf 83' lang='lat' dir='ltr'>solertia</span> <span class='ocrx_word' id='word_1_53' title='bbox 735 1096 1077 1178; x_wconf 84' lang='lat' dir='ltr'>exprimis,</span> <span class='ocrx_word' id='word_1_54' title='bbox 1111 1102 1187 1160; x_wconf 89' lang='lat' dir='ltr'>ut</span> <span class='ocrx_word' id='word_1_55' title='bbox 1216 1096 1287 1159; x_wconf 92' lang='lat' dir='ltr'>in</span> <span class='ocrx_word' id='word_1_56' title='bbox 1314 1100 1433 1160; x_wconf 90' lang='lat' dir='ltr'>tuo</span> <span class='ocrx_word' id='word_1_57' title='bbox 1473 1115 1669 1179; x_wconf 87' lang='lat' dir='ltr'>opere</span> <span class='ocrx_word' id='word_1_58' title='bbox 1711 1117 1841 1161; x_wconf 91' lang='lat' dir='ltr'>non</span> <span class='ocrx_word' id='word_1_59' title='bbox 1868 1097 2262 1163; x_wconf 85' lang='lat' dir='ltr'>inficiandas</span> <span class='ocrx_word' id='word_1_60' title='bbox 2292 1099 2421 1164; x_wconf 84' lang='lat' dir='ltr'>sibi</span> 
     </span>
     <span class='ocr_line' id='line_1_8' title="bbox 240 1198 2423 1283; baseline 0.002 -21"><span class='ocrx_word' id='word_1_61' title='bbox 240 1218 429 1262; x_wconf 80' lang='lat' dir='ltr'>rerum</span> <span class='ocrx_word' id='word_1_62' title='bbox 453 1201 778 1283; x_wconf 82' lang='lat' dir='ltr'>imagines</span> <span class='ocrx_word' id='word_1_63' title='bbox 811 1198 1001 1263; x_wconf 85' lang='lat' dir='ltr'>Mars</span> <span class='ocrx_word' id='word_1_64' title='bbox 1028 1200 1181 1283; x_wconf 89' lang='lat' dir='ltr'>ipse</span> <span class='ocrx_word' id='word_1_65' title='bbox 1200 1199 1510 1265; x_wconf 76' lang='lat' dir='ltr'><strong>fateatur.</strong></span> <span class='ocrx_word' id='word_1_66' title='bbox 1553 1198 1601 1263; x_wconf 82' lang='lat' dir='ltr'><strong>J</strong></span> <span class='ocrx_word' id='word_1_67' title='bbox 1605 1218 1736 1278; x_wconf 88' lang='lat' dir='ltr'>am,</span> <span class='ocrx_word' id='word_1_68' title='bbox 1768 1202 1826 1264; x_wconf 86' lang='lat' dir='ltr'>si</span> <span class='ocrx_word' id='word_1_69' title='bbox 1855 1220 2036 1265; x_wconf 85' lang='lat' dir='ltr'>arma</span> <span class='ocrx_word' id='word_1_70' title='bbox 2079 1202 2423 1266; x_wconf 87' lang='lat' dir='ltr'>tractanda</span> 
     </span>
     <span class='ocr_line' id='line_1_9' title="bbox 242 1303 2422 1388; baseline 0 -21"><span class='ocrx_word' id='word_1_71' title='bbox 242 1309 396 1380; x_wconf 80' lang='lat' dir='ltr'>sunt,</span> <span class='ocrx_word' id='word_1_72' title='bbox 444 1309 510 1368; x_wconf 86' lang='lat' dir='ltr'>et</span> <span class='ocrx_word' id='word_1_73' title='bbox 555 1303 798 1368; x_wconf 82' lang='lat' dir='ltr'>milites</span> <span class='ocrx_word' id='word_1_74' title='bbox 842 1303 1250 1386; x_wconf 81' lang='lat' dir='ltr'>quibusdam</span> <span class='ocrx_word' id='word_1_75' title='bbox 1294 1303 1505 1373; x_wconf 77' lang='lat' dir='ltr'>veluti</span> <span class='ocrx_word' id='word_1_76' title='bbox 1549 1321 1792 1386; x_wconf 85' lang='lat' dir='ltr'>pugnae</span> <span class='ocrx_word' id='word_1_77' title='bbox 1839 1304 2236 1381; x_wconf 77' lang='lat' dir='ltr'>simulacriS,</span> <span class='ocrx_word' id='word_1_78' title='bbox 2287 1323 2422 1388; x_wconf 92' lang='lat' dir='ltr'>quo</span> 
     </span>
     <span class='ocr_line' id='line_1_10' title="bbox 238 1403 2423 1490; baseline 0.001 -21"><span class='ocrx_word' id='word_1_79' title='bbox 238 1422 374 1469; x_wconf 78' lang='lat' dir='ltr'>vera</span> <span class='ocrx_word' id='word_1_80' title='bbox 420 1405 664 1470; x_wconf 78' lang='lat' dir='ltr'>deinde</span> <span class='ocrx_word' id='word_1_81' title='bbox 714 1407 1082 1471; x_wconf 86' lang='lat' dir='ltr'>certamina</span> <span class='ocrx_word' id='word_1_82' title='bbox 1131 1406 1521 1490; x_wconf 88' lang='lat' dir='ltr'>prudentius</span> <span class='ocrx_word' id='word_1_83' title='bbox 1572 1403 1937 1490; x_wconf 85' lang='lat' dir='ltr'>fortiusque</span> <span class='ocrx_word' id='word_1_84' title='bbox 1996 1407 2423 1484; x_wconf 84' lang='lat' dir='ltr'>committant,</span> 
     </span>
     <span class='ocr_line' id='line_1_11' title="bbox 240 1509 2427 1595; baseline 0 -23"><span class='ocrx_word' id='word_1_85' title='bbox 240 1509 745 1589; x_wconf 78' lang='lat' dir='ltr'>assuefaciendi,</span> <span class='ocrx_word' id='word_1_86' title='bbox 777 1529 895 1574; x_wconf 88' lang='lat' dir='ltr'>eos</span> <span class='ocrx_word' id='word_1_87' title='bbox 942 1509 1029 1573; x_wconf 81' lang='lat' dir='ltr'>ad</span> <span class='ocrx_word' id='word_1_88' title='bbox 1072 1529 1530 1595; x_wconf 86' lang='lat' dir='ltr'>quascumque</span> <span class='ocrx_word' id='word_1_89' title='bbox 1573 1509 1881 1574; x_wconf 89' lang='lat' dir='ltr'>militaris</span> <span class='ocrx_word' id='word_1_90' title='bbox 1937 1511 2427 1573; x_wconf 79' lang='lat' dir='ltr'>exercitationis</span> 
     </span>
     <span class='ocr_line' id='line_1_12' title="bbox 236 1610 2424 1697; baseline 0 -23"><span class='ocrx_word' id='word_1_91' title='bbox 236 1610 485 1688; x_wconf 86' lang='lat' dir='ltr'>formas,</span> <span class='ocrx_word' id='word_1_92' title='bbox 517 1612 608 1676; x_wconf 88' lang='lat' dir='ltr'>ad</span> <span class='ocrx_word' id='word_1_93' title='bbox 637 1632 1077 1697; x_wconf 79' lang='lat' dir='ltr'>quaecumque</span> <span class='ocrx_word' id='word_1_94' title='bbox 1112 1612 1353 1696; x_wconf 85' lang='lat' dir='ltr'>praelia</span> <span class='ocrx_word' id='word_1_95' title='bbox 1379 1612 1644 1679; x_wconf 89' lang='lat' dir='ltr'>ludicra</span> <span class='ocrx_word' id='word_1_96' title='bbox 1670 1614 1770 1678; x_wconf 92' lang='lat' dir='ltr'>sic</span> <span class='ocrx_word' id='word_1_97' title='bbox 1797 1613 1997 1676; x_wconf 88' lang='lat' dir='ltr'>vertis</span> <span class='ocrx_word' id='word_1_98' title='bbox 2021 1631 2101 1676; x_wconf 90' lang='lat' dir='ltr'>ac</span> <span class='ocrx_word' id='word_1_99' title='bbox 2131 1617 2424 1696; x_wconf 82' lang='lat' dir='ltr'>torqueS,</span> 
     </span>
     <span class='ocr_line' id='line_1_13' title="bbox 236 1714 2431 1801; baseline 0 -23"><span class='ocrx_word' id='word_1_100' title='bbox 236 1720 297 1778; x_wconf 87' lang='lat' dir='ltr'>ut</span> <span class='ocrx_word' id='word_1_101' title='bbox 331 1716 433 1779; x_wconf 86' lang='lat' dir='ltr'>vel</span> <span class='ocrx_word' id='word_1_102' title='bbox 476 1715 637 1779; x_wconf 87' lang='lat' dir='ltr'>belli</span> <span class='ocrx_word' id='word_1_103' title='bbox 688 1715 918 1780; x_wconf 86' lang='lat' dir='ltr'>Duces</span> <span class='ocrx_word' id='word_1_104' title='bbox 964 1716 1528 1801; x_wconf 82' lang='lat' dir='ltr'>praestantissimi3</span> <span class='ocrx_word' id='word_1_105' title='bbox 1592 1736 1792 1801; x_wconf 91' lang='lat' dir='ltr'>quam</span> <span class='ocrx_word' id='word_1_106' title='bbox 1832 1722 1968 1780; x_wconf 88' lang='lat' dir='ltr'>tam</span> <span class='ocrx_word' id='word_1_107' title='bbox 2013 1714 2318 1780; x_wconf 85' lang='lat' dir='ltr'>alacriter</span> <span class='ocrx_word' id='word_1_108' title='bbox 2363 1719 2431 1779; x_wconf 78' lang='lat' dir='ltr'>ct</span> 
     </span>
     <span class='ocr_line' id='line_1_14' title="bbox 236 1818 2429 1902; baseline -0 -22"><span class='ocrx_word' id='word_1_109' title='bbox 236 1837 527 1899; x_wconf 82' lang='lat' dir='ltr'>generose</span> <span class='ocrx_word' id='word_1_110' title='bbox 577 1818 889 1898; x_wconf 86' lang='lat' dir='ltr'>sustines,</span> <span class='ocrx_word' id='word_1_111' title='bbox 919 1838 1067 1883; x_wconf 85' lang='lat' dir='ltr'>eam</span> <span class='ocrx_word' id='word_1_112' title='bbox 1113 1838 1242 1882; x_wconf 92' lang='lat' dir='ltr'>non</span> <span class='ocrx_word' id='word_1_113' title='bbox 1267 1818 1522 1902; x_wconf 83' lang='lat' dir='ltr'>majore</span> <span class='ocrx_word' id='word_1_114' title='bbox 1550 1818 1876 1883; x_wconf 90' lang='lat' dir='ltr'>industria</span> <span class='ocrx_word' id='word_1_115' title='bbox 1902 1837 2254 1902; x_wconf 79' lang='lat' dir='ltr'>personam</span> <span class='ocrx_word' id='word_1_116' title='bbox 2284 1835 2429 1880; x_wconf 86' lang='lat' dir='ltr'>sus-</span> 
     </span>
     <span class='ocr_line' id='line_1_15' title="bbox 237 1919 2427 2005; baseline -0.001 -20"><span class='ocrx_word' id='word_1_117' title='bbox 237 1921 520 1985; x_wconf 84' lang='lat' dir='ltr'>tinerent.</span> <span class='ocrx_word' id='word_1_118' title='bbox 618 1920 693 1985; x_wconf 87' lang='lat' dir='ltr'>Si</span> <span class='ocrx_word' id='word_1_119' title='bbox 722 1923 1006 2005; x_wconf 81' lang='lat' dir='ltr'>denique</span> <span class='ocrx_word' id='word_1_120' title='bbox 1057 1921 1425 1986; x_wconf 90' lang='lat' dir='ltr'>domandus</span> <span class='ocrx_word' id='word_1_121' title='bbox 1473 1927 1575 1987; x_wconf 91' lang='lat' dir='ltr'>est</span> <span class='ocrx_word' id='word_1_122' title='bbox 1605 1922 1767 1987; x_wconf 91' lang='lat' dir='ltr'>alter</span> <span class='ocrx_word' id='word_1_123' title='bbox 1796 1921 2039 2005; x_wconf 89' lang='lat' dir='ltr'>aliquis</span> <span class='ocrx_word' id='word_1_124' title='bbox 2069 1919 2427 2004; x_wconf 83' lang='lat' dir='ltr'>Bucepha-</span> 
     </span>
     <span class='ocr_line' id='line_1_16' title="bbox 236 2022 2431 2110; baseline -0.001 -23"><span class='ocrx_word' id='word_1_125' title='bbox 236 2024 344 2100; x_wconf 78' lang='lat' dir='ltr'>luS,</span> <span class='ocrx_word' id='word_1_126' title='bbox 372 2043 452 2088; x_wconf 87' lang='lat' dir='ltr'>ne</span> <span class='ocrx_word' id='word_1_127' title='bbox 488 2023 873 2089; x_wconf 69' lang='lat' dir='ltr'>Alexander</span> <span class='ocrx_word' id='word_1_128' title='bbox 899 2025 1161 2110; x_wconf 84' lang='lat' dir='ltr'>quidem</span> <span class='ocrx_word' id='word_1_129' title='bbox 1190 2025 1341 2110; x_wconf 91' lang='lat' dir='ltr'>ipse</span> <span class='ocrx_word' id='word_1_130' title='bbox 1378 2046 1532 2091; x_wconf 91' lang='lat' dir='ltr'>eum</span> <span class='ocrx_word' id='word_1_131' title='bbox 1556 2027 1716 2092; x_wconf 89' lang='lat' dir='ltr'>licet</span> <span class='ocrx_word' id='word_1_132' title='bbox 1741 2025 2085 2090; x_wconf 85' lang='lat' dir='ltr'>ferocitate</span> <span class='ocrx_word' id='word_1_133' title='bbox 2125 2022 2431 2087; x_wconf 86' lang='lat' dir='ltr'>exultan-</span> 
     </span>
     <span class='ocr_line' id='line_1_17' title="bbox 238 2126 2433 2210; baseline -0.001 -20"><span class='ocrx_word' id='word_1_134' title='bbox 238 2133 349 2190; x_wconf 86' lang='lat' dir='ltr'>tem</span> <span class='ocrx_word' id='word_1_135' title='bbox 392 2135 511 2192; x_wconf 84' lang='lat' dir='ltr'>aut</span> <span class='ocrx_word' id='word_1_136' title='bbox 574 2134 729 2210; x_wconf 82' lang='lat' dir='ltr'>agat</span> <span class='ocrx_word' id='word_1_137' title='bbox 780 2126 1127 2208; x_wconf 83' lang='lat' dir='ltr'>callidius;</span> <span class='ocrx_word' id='word_1_138' title='bbox 1202 2133 1339 2207; x_wconf 86' lang='lat' dir='ltr'>aut,</span> <span class='ocrx_word' id='word_1_139' title='bbox 1393 2128 1453 2192; x_wconf 92' lang='lat' dir='ltr'>si</span> <span class='ocrx_word' id='word_1_140' title='bbox 1504 2129 1598 2193; x_wconf 89' lang='lat' dir='ltr'>ita</span> <span class='ocrx_word' id='word_1_141' title='bbox 1640 2128 1963 2205; x_wconf 86' lang='lat' dir='ltr'>videatur,</span> <span class='ocrx_word' id='word_1_142' title='bbox 2008 2126 2227 2210; x_wconf 89' lang='lat' dir='ltr'>ipsius</span> <span class='ocrx_word' id='word_1_143' title='bbox 2274 2144 2433 2209; x_wconf 91' lang='lat' dir='ltr'>spu-</span> 
     </span>
     <span class='ocr_line' id='line_1_18' title="bbox 237 2230 2434 2308; baseline -0.001 -14"><span class='ocrx_word' id='word_1_144' title='bbox 237 2231 452 2294; x_wconf 85' lang='lat' dir='ltr'>mantis</span> <span class='ocrx_word' id='word_1_145' title='bbox 484 2250 712 2295; x_wconf 88' lang='lat' dir='ltr'>armos</span> <span class='ocrx_word' id='word_1_146' title='bbox 763 2230 1047 2294; x_wconf 87' lang='lat' dir='ltr'>stimulis</span> <span class='ocrx_word' id='word_1_147' title='bbox 1094 2230 1592 2297; x_wconf 87' lang='lat' dir='ltr'>audentioribus</span> <span class='ocrx_word' id='word_1_148' title='bbox 1639 2230 1872 2308; x_wconf 85' lang='lat' dir='ltr'>fodiat,</span> <span class='ocrx_word' id='word_1_149' title='bbox 1906 2237 2027 2295; x_wconf 89' lang='lat' dir='ltr'>aut</span> <span class='ocrx_word' id='word_1_150' title='bbox 2069 2248 2304 2293; x_wconf 89' lang='lat' dir='ltr'>cursus</span> <span class='ocrx_word' id='word_1_151' title='bbox 2332 2247 2434 2292; x_wconf 89' lang='lat' dir='ltr'>rc-</span> 
     </span>
     <span class='ocr_line' id='line_1_19' title="bbox 240 2329 2433 2418; baseline -0.002 -21"><span class='ocrx_word' id='word_1_152' title='bbox 240 2352 588 2417; x_wconf 86' lang='lat' dir='ltr'>cursusque</span> <span class='ocrx_word' id='word_1_153' title='bbox 610 2334 848 2398; x_wconf 88' lang='lat' dir='ltr'>melius</span> <span class='ocrx_word' id='word_1_154' title='bbox 866 2335 1068 2413; x_wconf 89' lang='lat' dir='ltr'>ineat,</span> <span class='ocrx_word' id='word_1_155' title='bbox 1087 2335 1413 2418; x_wconf 83' lang='lat' dir='ltr'>orbesque</span> <span class='ocrx_word' id='word_1_156' title='bbox 1442 2336 1717 2401; x_wconf 86' lang='lat' dir='ltr'>orbibus</span> <span class='ocrx_word' id='word_1_157' title='bbox 1746 2333 2056 2418; x_wconf 87' lang='lat' dir='ltr'>sagacius</span> <span class='ocrx_word' id='word_1_158' title='bbox 2084 2329 2433 2416; x_wconf 88' lang='lat' dir='ltr'>impediat.</span> 
     </span>
     <span class='ocr_line' id='line_1_20' title="bbox 240 2432 2440 2523; baseline -0.004 -19"><span class='ocrx_word' id='word_1_159' title='bbox 240 2432 395 2515; x_wconf 78' lang='lat' dir='ltr'>Quae</span> <span class='ocrx_word' id='word_1_160' title='bbox 441 2436 718 2523; x_wconf 88' lang='lat' dir='ltr'>quidem</span> <span class='ocrx_word' id='word_1_161' title='bbox 760 2437 977 2522; x_wconf 83' lang='lat' dir='ltr'>prima</span> <span class='ocrx_word' id='word_1_162' title='bbox 1018 2437 1138 2502; x_wconf 90' lang='lat' dir='ltr'>illa</span> <span class='ocrx_word' id='word_1_163' title='bbox 1180 2438 1557 2504; x_wconf 86' lang='lat' dir='ltr'>rudimenta</span> <span class='ocrx_word' id='word_1_164' title='bbox 1605 2445 1675 2503; x_wconf 89' lang='lat' dir='ltr'>et</span> <span class='ocrx_word' id='word_1_165' title='bbox 1730 2436 2135 2504; x_wconf 90' lang='lat' dir='ltr'>incunabula</span> <span class='ocrx_word' id='word_1_166' title='bbox 2174 2434 2440 2499; x_wconf 87' lang='lat' dir='ltr'>virtutis</span> 
     </span>
     <span class='ocr_line' id='line_1_21' title="bbox 238 2531 2438 2625; baseline -0.003 -20"><span class='ocrx_word' id='word_1_167' title='bbox 238 2541 380 2605; x_wconf 59' lang='lat' dir='ltr'>satis</span> <span class='ocrx_word' id='word_1_168' title='bbox 407 2542 723 2624; x_wconf 78' lang='lat' dir='ltr'>probant,</span> <span class='ocrx_word' id='word_1_169' title='bbox 753 2561 951 2625; x_wconf 89' lang='lat' dir='ltr'>quam</span> <span class='ocrx_word' id='word_1_170' title='bbox 979 2561 1221 2624; x_wconf 87' lang='lat' dir='ltr'>magna</span> <span class='ocrx_word' id='word_1_171' title='bbox 1255 2543 1507 2607; x_wconf 87' lang='lat' dir='ltr'>habeas</span> <span class='ocrx_word' id='word_1_172' title='bbox 1556 2565 1600 2608; x_wconf 90' lang='lat' dir='ltr'>a</span> <span class='ocrx_word' id='word_1_173' title='bbox 1637 2549 1873 2607; x_wconf 87' lang='lat' dir='ltr'>natura</span> <span class='ocrx_word' id='word_1_174' title='bbox 1899 2531 2319 2624; x_wconf 73' lang='lat' dir='ltr'>atquc&#39;etiam</span> <span class='ocrx_word' id='word_1_175' title='bbox 2350 2536 2438 2599; x_wconf 90' lang='lat' dir='ltr'>ab</span> 
     </span>
     <span class='ocr_line' id='line_1_22' title="bbox 238 2644 2442 2725; baseline -0.004 -17"><span class='ocrx_word' id='word_1_176' title='bbox 238 2645 722 2720; x_wconf 77' lang='lat' dir='ltr'>exercitatione,</span> <span class='ocrx_word' id='word_1_177' title='bbox 754 2664 905 2707; x_wconf 86' lang='lat' dir='ltr'>cum</span> <span class='ocrx_word' id='word_1_178' title='bbox 934 2649 1104 2708; x_wconf 85' lang='lat' dir='ltr'>aetas</span> <span class='ocrx_word' id='word_1_179' title='bbox 1133 2664 1290 2708; x_wconf 82' lang='lat' dir='ltr'>mox</span> <span class='ocrx_word' id='word_1_180' title='bbox 1319 2644 1510 2725; x_wconf 86' lang='lat' dir='ltr'>feret,</span> <span class='ocrx_word' id='word_1_181' title='bbox 1544 2646 1844 2710; x_wconf 87' lang='lat' dir='ltr'>subsidia</span> <span class='ocrx_word' id='word_1_182' title='bbox 1869 2644 2188 2708; x_wconf 88' lang='lat' dir='ltr'>bellorum</span> <span class='ocrx_word' id='word_1_183' title='bbox 2218 2657 2442 2723; x_wconf 88' lang='lat' dir='ltr'>geren·</span> 
     </span>
     <span class='ocr_line' id='line_1_23' title="bbox 239 2743 2442 2833; baseline -0.002 -25"><span class='ocrx_word' id='word_1_184' title='bbox 239 2744 493 2827; x_wconf 61' lang='lat' dir='ltr'>dorium</span> <span class='ocrx_word' id='word_1_185' title='bbox 568 2766 902 2831; x_wconf 87' lang='lat' dir='ltr'>quamque</span> <span class='ocrx_word' id='word_1_186' title='bbox 948 2748 1212 2829; x_wconf 85' lang='lat' dir='ltr'>magnis</span> <span class='ocrx_word' id='word_1_187' title='bbox 1257 2749 1600 2833; x_wconf 81' lang='lat' dir='ltr'>passibuS,</span> <span class='ocrx_word' id='word_1_188' title='bbox 1634 2767 1837 2832; x_wconf 90' lang='lat' dir='ltr'>quam</span> <span class='ocrx_word' id='word_1_189' title='bbox 1866 2748 1935 2811; x_wconf 91' lang='lat' dir='ltr'>in</span> <span class='ocrx_word' id='word_1_190' title='bbox 1966 2743 2177 2828; x_wconf 86' lang='lat' dir='ltr'>gloria</span> <span class='ocrx_word' id='word_1_191' title='bbox 2207 2759 2442 2810; x_wconf 89' lang='lat' dir='ltr'>conse-</span> 
     </span>
     <span class='ocr_line' id='line_1_24' title="bbox 239 2849 2124 2932; baseline -0.001 -19"><span class='ocrx_word' id='word_1_192' title='bbox 239 2850 478 2932; x_wconf 85' lang='lat' dir='ltr'>quenda</span> <span class='ocrx_word' id='word_1_193' title='bbox 509 2849 788 2914; x_wconf 80' lang='lat' dir='ltr'>Hero‘es</span> <span class='ocrx_word' id='word_1_194' title='bbox 817 2851 1125 2930; x_wconf 87' lang='lat' dir='ltr'>inierunt,</span> <span class='ocrx_word' id='word_1_195' title='bbox 1155 2872 1304 2916; x_wconf 86' lang='lat' dir='ltr'>eam</span> <span class='ocrx_word' id='word_1_196' title='bbox 1334 2853 1432 2916; x_wconf 91' lang='lat' dir='ltr'>sis</span> <span class='ocrx_word' id='word_1_197' title='bbox 1460 2853 1640 2917; x_wconf 87' lang='lat' dir='ltr'>viam</span> <span class='ocrx_word' id='word_1_198' title='bbox 1669 2853 1966 2916; x_wconf 87' lang='lat' dir='ltr'>initurus.</span> <span class='ocrx_word' id='word_1_199' title='bbox 2120 2860 2124 2865; x_wconf 87' lang='grc'>’</span> 
     </span>
    </p>

    <p class='ocr_par' dir='ltr' id='par_1_3' title="bbox 240 2952 2529 4363">
     <span class='ocr_line' id='line_1_25' title="bbox 312 2952 2443 3036; baseline -0.003 -20"><span class='ocrx_word' id='word_1_200' title='bbox 312 2952 445 3016; x_wconf 85' lang='lat' dir='ltr'>Sed</span> <span class='ocrx_word' id='word_1_201' title='bbox 472 2953 864 3036; x_wconf 80' lang='lat' dir='ltr'>quanquam</span> <span class='ocrx_word' id='word_1_202' title='bbox 919 2953 1037 3017; x_wconf 87' lang='lat' dir='ltr'>illa</span> <span class='ocrx_word' id='word_1_203' title='bbox 1081 2954 1205 3020; x_wconf 89' lang='lat' dir='ltr'>tibi</span> <span class='ocrx_word' id='word_1_204' title='bbox 1251 2956 1474 3019; x_wconf 87' lang='lat' dir='ltr'>innata</span> <span class='ocrx_word' id='word_1_205' title='bbox 1503 2954 1590 3018; x_wconf 90' lang='lat' dir='ltr'>ad</span> <span class='ocrx_word' id='word_1_206' title='bbox 1619 2958 1950 3030; x_wconf 86' lang='lat' dir='ltr'>venatum,</span> <span class='ocrx_word' id='word_1_207' title='bbox 1978 2969 2207 3034; x_wconf 77' lang='lat' dir='ltr'>equoS,</span> <span class='ocrx_word' id='word_1_208' title='bbox 2238 2966 2443 3023; x_wconf 86' lang='lat' dir='ltr'>arma,</span> 
     </span>
     <span class='ocr_line' id='line_1_26' title="bbox 240 3051 2445 3139; baseline -0.003 -21"><span class='ocrx_word' id='word_1_209' title='bbox 240 3058 295 3117; x_wconf 82' lang='lat' dir='ltr'>et</span> <span class='ocrx_word' id='word_1_210' title='bbox 321 3053 476 3133; x_wconf 88' lang='lat' dir='ltr'>alia,</span> <span class='ocrx_word' id='word_1_211' title='bbox 509 3075 669 3139; x_wconf 82' lang='lat' dir='ltr'>quae</span> <span class='ocrx_word' id='word_1_212' title='bbox 700 3060 833 3119; x_wconf 84' lang='lat' dir='ltr'>tuae</span> <span class='ocrx_word' id='word_1_213' title='bbox 866 3076 1017 3120; x_wconf 90' lang='lat' dir='ltr'>cum</span> <span class='ocrx_word' id='word_1_214' title='bbox 1064 3057 1275 3134; x_wconf 87' lang='lat' dir='ltr'>aetati,</span> <span class='ocrx_word' id='word_1_215' title='bbox 1321 3061 1458 3120; x_wconf 87' lang='lat' dir='ltr'>tum</span> <span class='ocrx_word' id='word_1_216' title='bbox 1504 3055 1784 3122; x_wconf 76' lang='lat' dir='ltr'>fortunae</span> <span class='ocrx_word' id='word_1_217' title='bbox 1817 3051 2059 3134; x_wconf 82' lang='lat' dir='ltr'>decora</span> <span class='ocrx_word' id='word_1_218' title='bbox 2088 3055 2258 3128; x_wconf 89' lang='lat' dir='ltr'>sunt,</span> <span class='ocrx_word' id='word_1_219' title='bbox 2290 3068 2445 3132; x_wconf 93' lang='lat' dir='ltr'>pro-</span> 
     </span>
     <span class='ocr_line' id='line_1_27' title="bbox 242 3151 2448 3242; baseline -0.005 -20"><span class='ocrx_word' id='word_1_220' title='bbox 242 3159 453 3238; x_wconf 79' lang='lat' dir='ltr'>pensio</span> <span class='ocrx_word' id='word_1_221' title='bbox 486 3164 563 3223; x_wconf 84' lang='lat' dir='ltr'>te</span> <span class='ocrx_word' id='word_1_222' title='bbox 587 3163 724 3221; x_wconf 87' lang='lat' dir='ltr'>tam</span> <span class='ocrx_word' id='word_1_223' title='bbox 755 3159 1167 3223; x_wconf 76' lang='lat' dir='ltr'>vehementer</span> <span class='ocrx_word' id='word_1_224' title='bbox 1194 3159 1393 3242; x_wconf 85' lang='lat' dir='ltr'>rapit,</span> <span class='ocrx_word' id='word_1_225' title='bbox 1434 3177 1639 3240; x_wconf 88' lang='lat' dir='ltr'>quam</span> <span class='ocrx_word' id='word_1_226' title='bbox 1669 3176 1800 3218; x_wconf 93' lang='lat' dir='ltr'>non</span> <span class='ocrx_word' id='word_1_227' title='bbox 1828 3155 2035 3219; x_wconf 89' lang='lat' dir='ltr'>ullum</span> <span class='ocrx_word' id='word_1_228' title='bbox 2068 3151 2448 3234; x_wconf 85' lang='lat' dir='ltr'>Principem</span> 
     </span>
     <span class='ocr_line' id='line_1_28' title="bbox 243 3244 2446 3342; baseline -0.005 -17"><span class='ocrx_word' id='word_1_229' title='bbox 243 3269 574 3342; x_wconf 76' lang='lat' dir='ltr'>unquam3</span> <span class='ocrx_word' id='word_1_230' title='bbox 619 3280 708 3324; x_wconf 81' lang='lat' dir='ltr'>ex</span> <span class='ocrx_word' id='word_1_231' title='bbox 728 3259 837 3324; x_wconf 87' lang='lat' dir='ltr'>his</span> <span class='ocrx_word' id='word_1_232' title='bbox 866 3266 1087 3325; x_wconf 87' lang='lat' dir='ltr'>tamen</span> <span class='ocrx_word' id='word_1_233' title='bbox 1112 3262 1404 3325; x_wconf 88' lang='lat' dir='ltr'>animum</span> <span class='ocrx_word' id='word_1_234' title='bbox 1422 3261 1724 3328; x_wconf 86' lang='lat' dir='ltr'>lubenter</span> <span class='ocrx_word' id='word_1_235' title='bbox 1750 3276 2055 3334; x_wconf 85' lang='lat' dir='ltr'>revocaS,</span> <span class='ocrx_word' id='word_1_236' title='bbox 2087 3254 2171 3319; x_wconf 84' lang='lat' dir='ltr'>ad</span> <span class='ocrx_word' id='word_1_237' title='bbox 2205 3244 2446 3317; x_wconf 80' lang='lat' dir='ltr'>artium</span> 
     </span>
     <span class='ocr_line' id='line_1_29' title="bbox 242 3353 2448 3449; baseline -0.004 -24"><span class='ocrx_word' id='word_1_238' title='bbox 242 3362 679 3445; x_wconf 84' lang='lat' dir='ltr'>ingenuarum,</span> <span class='ocrx_word' id='word_1_239' title='bbox 713 3363 880 3449; x_wconf 83' lang='lat' dir='ltr'>quas</span> <span class='ocrx_word' id='word_1_240' title='bbox 907 3364 979 3426; x_wconf 80' lang='lat' dir='ltr'>in</span> <span class='ocrx_word' id='word_1_241' title='bbox 1002 3363 1263 3428; x_wconf 79' lang='lat' dir='ltr'>deliciis</span> <span class='ocrx_word' id='word_1_242' title='bbox 1291 3364 1521 3441; x_wconf 88' lang='lat' dir='ltr'>habes,</span> <span class='ocrx_word' id='word_1_243' title='bbox 1554 3361 1775 3427; x_wconf 87' lang='lat' dir='ltr'>studia</span> <span class='ocrx_word' id='word_1_244' title='bbox 1804 3357 2174 3424; x_wconf 90' lang='lat' dir='ltr'>recolenda.</span> <span class='ocrx_word' id='word_1_245' title='bbox 2253 3353 2448 3418; x_wconf 87' lang='lat' dir='ltr'>Unde</span> 
     </span>
     <span class='ocr_line' id='line_1_30' title="bbox 245 3459 2449 3548; baseline -0.005 -19"><span class='ocrx_word' id='word_1_246' title='bbox 245 3463 304 3528; x_wconf 88' lang='lat' dir='ltr'>in</span> <span class='ocrx_word' id='word_1_247' title='bbox 331 3463 686 3530; x_wconf 64' lang='lat' dir='ltr'>Claudiani</span> <span class='ocrx_word' id='word_1_248' title='bbox 734 3466 940 3530; x_wconf 85' lang='lat' dir='ltr'>nostri</span> <span class='ocrx_word' id='word_1_249' title='bbox 998 3467 1221 3531; x_wconf 89' lang='lat' dir='ltr'>animo</span> <span class='ocrx_word' id='word_1_250' title='bbox 1267 3467 1443 3530; x_wconf 86' lang='lat' dir='ltr'>inest</span> <span class='ocrx_word' id='word_1_251' title='bbox 1486 3466 1665 3530; x_wconf 87' lang='lat' dir='ltr'>velut</span> <span class='ocrx_word' id='word_1_252' title='bbox 1707 3462 2040 3548; x_wconf 88' lang='lat' dir='ltr'>quoddam</span> <span class='ocrx_word' id='word_1_253' title='bbox 2094 3459 2449 3540; x_wconf 87' lang='lat' dir='ltr'>augurium</span> 
     </span>
     <span class='ocr_line' id='line_1_31' title="bbox 245 3558 2452 3653; baseline -0.005 -21"><span class='ocrx_word' id='word_1_254' title='bbox 245 3567 453 3649; x_wconf 77' lang='lat' dir='ltr'>gloriae</span> <span class='ocrx_word' id='word_1_255' title='bbox 488 3570 625 3633; x_wconf 89' lang='lat' dir='ltr'>sibi</span> <span class='ocrx_word' id='word_1_256' title='bbox 657 3569 1102 3653; x_wconf 71' lang='lat' dir='ltr'>acquirendae,</span> <span class='ocrx_word' id='word_1_257' title='bbox 1149 3590 1305 3633; x_wconf 87' lang='lat' dir='ltr'>cum</span> <span class='ocrx_word' id='word_1_258' title='bbox 1347 3576 1561 3633; x_wconf 88' lang='lat' dir='ltr'>mente</span> <span class='ocrx_word' id='word_1_259' title='bbox 1605 3569 1832 3644; x_wconf 89' lang='lat' dir='ltr'>cernit,</span> <span class='ocrx_word' id='word_1_260' title='bbox 1855 3561 1859 3566; x_wconf 73' lang='grc'><strong>’</strong></span> <span class='ocrx_word' id='word_1_261' title='bbox 1882 3566 2123 3649; x_wconf 89' lang='lat' dir='ltr'>quibus</span> <span class='ocrx_word' id='word_1_262' title='bbox 2152 3560 2330 3627; x_wconf 88' lang='lat' dir='ltr'>curis</span> <span class='ocrx_word' id='word_1_263' title='bbox 2362 3558 2452 3624; x_wconf 90' lang='lat' dir='ltr'>ad</span> 
     </span>
     <span class='ocr_line' id='line_1_32' title="bbox 249 3663 2453 3768; baseline -0.003 -35"><span class='ocrx_word' id='word_1_264' title='bbox 249 3672 479 3736; x_wconf 77' lang='lat' dir='ltr'>cultum</span> <span class='ocrx_word' id='word_1_265' title='bbox 519 3672 744 3768; x_wconf 36' lang='lat' dir='ltr'>‘multo</span> <span class='ocrx_word' id='word_1_266' title='bbox 796 3674 1259 3754; x_wconf 88' lang='lat' dir='ltr'>elegantiorem</span> <span class='ocrx_word' id='word_1_267' title='bbox 1324 3672 1998 3757; x_wconf 86' lang='lat' dir='ltr'>splendidioremque,</span> <span class='ocrx_word' id='word_1_268' title='bbox 2059 3686 2261 3750; x_wconf 86' lang='lat' dir='ltr'>quam</span> <span class='ocrx_word' id='word_1_269' title='bbox 2325 3663 2453 3728; x_wconf 87' lang='lat' dir='ltr'>suit</span> 
     </span>
     <span class='ocr_line' id='line_1_33' title="bbox 250 3772 2454 3854; baseline -0.002 -18"><span class='ocrx_word' id='word_1_270' title='bbox 250 3777 439 3853; x_wconf 81' lang='lat' dir='ltr'>antea,</span> <span class='ocrx_word' id='word_1_271' title='bbox 488 3774 882 3852; x_wconf 83' lang='lat' dir='ltr'>restituitur,</span> <span class='ocrx_word' id='word_1_272' title='bbox 939 3795 1058 3839; x_wconf 87' lang='lat' dir='ltr'>eas</span> <span class='ocrx_word' id='word_1_273' title='bbox 1104 3794 1299 3839; x_wconf 89' lang='lat' dir='ltr'>curas</span> <span class='ocrx_word' id='word_1_274' title='bbox 1358 3777 1479 3841; x_wconf 86' lang='lat' dir='ltr'>tibi</span> <span class='ocrx_word' id='word_1_275' title='bbox 1526 3779 1713 3839; x_wconf 86' lang='lat' dir='ltr'>tanto</span> <span class='ocrx_word' id='word_1_276' title='bbox 1772 3772 2077 3854; x_wconf 89' lang='lat' dir='ltr'>Principi</span> <span class='ocrx_word' id='word_1_277' title='bbox 2138 3773 2454 3852; x_wconf 88' lang='lat' dir='ltr'>acceptas</span> 
     </span>
     <span class='ocr_line' id='line_1_34' title="bbox 250 3871 2529 3961; baseline -0.002 -25"><span class='ocrx_word' id='word_1_278' title='bbox 250 3874 456 3939; x_wconf 79' lang='lat' dir='ltr'>referri</span> <span class='ocrx_word' id='word_1_279' title='bbox 510 3881 845 3961; x_wconf 73' lang='lat' dir='ltr'>oportere.</span> <span class='ocrx_word' id='word_1_280' title='bbox 956 3876 1142 3955; x_wconf 81' lang='lat' dir='ltr'>Quin</span> <span class='ocrx_word' id='word_1_281' title='bbox 1194 3883 1261 3942; x_wconf 89' lang='lat' dir='ltr'>et</span> <span class='ocrx_word' id='word_1_282' title='bbox 1309 3877 1571 3941; x_wconf 85' lang='lat' dir='ltr'>exultat</span> <span class='ocrx_word' id='word_1_283' title='bbox 1626 3875 1893 3952; x_wconf 86' lang='lat' dir='ltr'>laetitia,</span> <span class='ocrx_word' id='word_1_284' title='bbox 1962 3871 2455 3955; x_wconf 86' lang='lat' dir='ltr'>triumphatque</span> <span class='ocrx_word' id='word_1_285' title='bbox 2526 3877 2529 3881; x_wconf 77' lang='grc'><strong>’</strong></span> 
     </span>
     <span class='ocr_line' id='line_1_35' title="bbox 256 3979 2460 4057; baseline -0.003 -16"><span class='ocrx_word' id='word_1_286' title='bbox 256 3979 505 4057; x_wconf 78' lang='lat' dir='ltr'>gaudio,</span> <span class='ocrx_word' id='word_1_287' title='bbox 553 3998 807 4045; x_wconf 91' lang='lat' dir='ltr'>memor</span> <span class='ocrx_word' id='word_1_288' title='bbox 858 3999 931 4043; x_wconf 92' lang='lat' dir='ltr'>se</span> <span class='ocrx_word' id='word_1_289' title='bbox 983 3980 1056 4043; x_wconf 91' lang='lat' dir='ltr'>in</span> <span class='ocrx_word' id='word_1_290' title='bbox 1110 3985 1258 4043; x_wconf 90' lang='lat' dir='ltr'>tuas</span> <span class='ocrx_word' id='word_1_291' title='bbox 1310 3998 1551 4042; x_wconf 87' lang='lat' dir='ltr'>manus</span> <span class='ocrx_word' id='word_1_292' title='bbox 1618 3997 1765 4042; x_wconf 89' lang='lat' dir='ltr'>esse</span> <span class='ocrx_word' id='word_1_293' title='bbox 1814 3983 2181 4052; x_wconf 86' lang='lat' dir='ltr'>venturum,</span> <span class='ocrx_word' id='word_1_294' title='bbox 2234 3979 2460 4036; x_wconf 85' lang='lat' dir='ltr'>tecum</span> 
     </span>
     <span class='ocr_line' id='line_1_36' title="bbox 258 4074 2451 4162; baseline -0.002 -19"><span class='ocrx_word' id='word_1_295' title='bbox 258 4096 474 4157; x_wconf 63' lang='lat' dir='ltr'>graves</span> <span class='ocrx_word' id='word_1_296' title='bbox 506 4081 589 4145; x_wconf 91' lang='lat' dir='ltr'>de</span> <span class='ocrx_word' id='word_1_297' title='bbox 619 4082 817 4145; x_wconf 88' lang='lat' dir='ltr'>rebus</span> <span class='ocrx_word' id='word_1_298' title='bbox 839 4081 1097 4162; x_wconf 87' lang='lat' dir='ltr'>magnis</span> <span class='ocrx_word' id='word_1_299' title='bbox 1125 4100 1456 4145; x_wconf 87' lang='lat' dir='ltr'>sermones</span> <span class='ocrx_word' id='word_1_300' title='bbox 1486 4100 1633 4144; x_wconf 90' lang='lat' dir='ltr'>esse</span> <span class='ocrx_word' id='word_1_301' title='bbox 1664 4079 2053 4144; x_wconf 88' lang='lat' dir='ltr'>collaturum</span> <span class='ocrx_word' id='word_1_302' title='bbox 2080 4099 2097 4155; x_wconf 75' lang='grc' dir='ltr'><strong>ς</strong></span> <span class='ocrx_word' id='word_1_303' title='bbox 2143 4081 2208 4139; x_wconf 89' lang='lat' dir='ltr'>et</span> <span class='ocrx_word' id='word_1_304' title='bbox 2236 4074 2451 4139; x_wconf 73' lang='lat' dir='ltr'>moiri·-</span> 
     </span>
     <span class='ocr_line' id='line_1_37' title="bbox 259 4175 2459 4266; baseline -0.001 -22"><span class='ocrx_word' id='word_1_305' title='bbox 259 4182 339 4257; x_wconf 82' lang='lat' dir='ltr'>ta,</span> <span class='ocrx_word' id='word_1_306' title='bbox 386 4203 536 4266; x_wconf 78' lang='lat' dir='ltr'>quae</span> <span class='ocrx_word' id='word_1_307' title='bbox 588 4184 677 4248; x_wconf 93' lang='lat' dir='ltr'>ad</span> <span class='ocrx_word' id='word_1_308' title='bbox 728 4184 1004 4248; x_wconf 86' lang='lat' dir='ltr'>virtutes</span> <span class='ocrx_word' id='word_1_309' title='bbox 1055 4175 1362 4259; x_wconf 78' lang='lat' dir='ltr'>moraleS,</span> <span class='ocrx_word' id='word_1_310' title='bbox 1409 4183 1749 4260; x_wconf 49' lang='lat' dir='ltr'>militarem</span> <span class='ocrx_word' id='word_1_311' title='bbox 1775 4202 1858 4247; x_wconf 90' lang='lat' dir='ltr'>ac</span> <span class='ocrx_word' id='word_1_312' title='bbox 1904 4180 2215 4264; x_wconf 87' lang='lat' dir='ltr'>politicas</span> <span class='ocrx_word' id='word_1_313' title='bbox 2257 4176 2459 4263; x_wconf 88' lang='lat' dir='ltr'>perti-</span> 
     </span>
     <span class='ocr_line' id='line_1_38' title="bbox 259 4275 1077 4363; baseline 0 -15"><span class='ocrx_word' id='word_1_314' title='bbox 259 4292 457 4363; x_wconf 84' lang='lat' dir='ltr'>neant,</span> <span class='ocrx_word' id='word_1_315' title='bbox 484 4306 634 4351; x_wconf 85' lang='lat' dir='ltr'>esse</span> <span class='ocrx_word' id='word_1_316' title='bbox 664 4275 1077 4351; x_wconf 86' lang='lat' dir='ltr'>traditurum.</span> 
     </span>
    </p>
   </div>
  </div>
 </body>
</html>
