2925 4928
455 396 589 464 330
1207 405 1323 456 cr..
1368 400 1796 455 cunnum
1846 399 1925 450 κ’.

461 553 863 623 AEdificetur
892 573 1108 638 apex:
1153 551 1421 636 qualem
1447 568 1579 613 non
1607 546 1827 632 Lydia
1846 546 2036 610 dives
2545 539 2673 605 215

462 660 703 727 Erexit
735 653 970 740 Pelopi
998 680 1013 723 :
1059 677 1184 721 nec
1220 673 1412 737 quem
1445 658 1748 717 struxere
1780 650 1991 735 Lyaeo

462 763 781 829 Indorum
814 761 1047 844 spoliis
1075 766 1143 823 et
1171 776 1396 841 opaco
1424 755 1697 839 palmite
1727 753 2047 818 Bacchae.

463 865 614 932 Illic
648 864 932 929 exuvias
961 883 1186 927 omnes
1215 861 1547 926 cumulate
1575 863 1959 941 parentum:

467 960 814 1051 Quicquid
845 987 1011 1032 avus
1042 966 1261 1030 senior
1286 962 1533 1027 Mauro
1567 961 1674 1028 nel
1704 960 1972 1038 Saxone
1992 956 2216 1033 victiS‚
2777 1044 2782 1052 ι

467 1068 812 1154 Quicquid
845 1072 931 1134 ab
960 1068 1339 1146 innumeris,
1372 1066 1560 1144 socio
1593 1063 1966 1128 Stilichone
1994 1058 2391 1137 tremenduS,
2545 1056 2674 1122 220

467 1170 809 1251 Quaesivit
838 1174 1091 1256 genitor
1120 1172 1357 1235 bellis:
1409 1168 1879 1252 quodcumque
1911 1165 2208 1230 Gelonus

467 1272 906 1340 Armeniusve
939 1275 1154 1339 dedit:
1200 1277 1523 1357 quantum
1552 1271 1785 1334 crinita
1811 1268 2074 1351 sagittis

468 1373 716 1443 Attulit
742 1383 1041 1442 extremo
1069 1374 1299 1441 Mero'e
1331 1370 1726 1438 circumflua
1755 1371 1955 1437 Nilo:

473 1478 669 1544 Misit
697 1477 1129 1546 Achaemenio
1158 1477 1482 1563 quicquid
1516 1476 1599 1540 de
1626 1475 1897 1557 Tigride
1929 1474 2198 1553 Medu8‚

472 1578 644 1645 Cum
677 1583 959 1666 supplex
987 1588 1235 1646 emeret
1260 1580 1643 1645 Romanam
1668 1577 1944 1642 Parthia
1973 1597 2237 1662 pacem.
2554 1573 2687 1639 225

471 1682 838 1748 Nobilibus
869 1686 1054 1772 gazis
1084 1685 1457 1769 opibusque
1489 1682 1741 1746 cubilia
1765 1688 2037 1765 surgant

474 1785 897 1852 Barbaricis:
945 1806 1176 1852 omnes
1206 1787 1500 1852 thalamo
1532 1784 1817 1849 conferte
1848 1785 2239 1870 triumphos.

479 1987 704 2035 columnis
738 1986 1027 2049 picturatis,·
1057 1986 1240 2050 qualem
1282 2000 1376 2035 non
1413 1983 1573 2047 Lydia
1619 1986 1837 2047 opulenta
1875 1984 2118 2034 exstruxit
2163 1983 2364 2047 Pelopi,·
2394 1984 2583 2048 qualem
2601 1999 2692 2034 non

481 2051 779 2100 Bacchunles
799 2052 1106 2100 condiderunt
1129 2051 1320 2099 Baccho
1342 2064 1405 2099 ex
1419 2052 1589 2113 proeda
1605 2049 1850 2112 Indorum,
1886 2055 1934 2098 et
1971 2066 2034 2100 ex
2066 2049 2349 2099 umbraculis
2382 2049 2515 2098 vitis.
2588 2049 2692 2097 Illic

480 2117 720 2177 congerite
737 2116 885 2178 spolia
906 2116 1062 2165 omnia
1073 2120 1359 2179 parentum5
1377 2114 1596 2177 quicquid
1616 2129 1735 2163 avus
1749 2115 2068 2164 Theodosius
2084 2115 2243 2164 senior
2259 2114 2552 2177 comparavit
2572 2116 2694 2164 dele-

481 2181 546 2229 tis
555 2181 745 2229 Mauris
761 2182 834 2228 tel
848 2180 1137 2229 Sua-onibus:
1156 2180 1373 2243 quicquid
1387 2181 1657 2228 metuendus
1668 2184 1807 2242 pater
1816 2179 2148 2237 TheodosiuS,
2158 2179 2412 2229 Stilichone
2419 2180 2695 2239 comitante,

472 2246 672 2307 'colleg-it
687 2261 716 2293 a
740 2244 871 2293 bellis
882 2245 1311 2308 innumerabilibus,
1329 2246 1639 2319 quodcumque
1663 2244 1853 2305 Geloni,
1866 2247 1939 2294 vel
1952 2245 2174 2295 Armenii
2188 2247 2445 2301 dederunt3
2465 2250 2696 2308 quantum

484 2310 651 2360 Meroe
670 2310 891 2373 capillata
914 2311 1042 2372 telis,
1058 2312 1346 2359 circumdata
1365 2309 1480 2359 Nilo
1501 2309 1669 2358 ultimo
1689 2311 1987 2374 apportavit,·
2008 2309 2228 2374 quicquid
2244 2309 2378 2359 Medi
2386 2309 2622 2359 miserunt
2635 2311 2697 2357 de

487 2376 688 2436 Tigride
710 2374 1027 2435 Act-amenio,
1049 2390 1152 2425 cum
1174 2375 1376 2424 Parthia
1400 2374 1593 2423 humilis
1614 2380 1786 2424 cineret
1813 2391 1977 2440 pacem
1996 2376 2339 2425 Romanorum:
2375 2375 2525 2424 lectus
2560 2377 2702 2428 deol-

481 2442 614 2491 latur
650 2441 789 2505 gazis
813 2440 1087 2505 Regulibus,
1121 2445 1168 2492 et
1204 2429 1393 2490 divzffiis
1424 2439 1749 2501 barbarorum,
1782 2442 2000 2504 agger-ite
2027 2456 2183 2493 omnes
2216 2440 2440 2492 victorias
2471 2440 2528 2490 in
2564 2442 2698 2491 lecto.

1405 2586 1434 2605 0
1438 2587 1613 2608 “N“
1616 2588 1672 2607 ‘O
1677 2588 1731 2607 ‘O
1736 2590 1764 2608 O

482 2688 635 2738 Voss.
677 2702 708 2736 a
751 2702 821 2736 m.
861 2702 903 2737 s.
946 2686 1090 2736 Leid.
1131 2692 1186 2736 et
1222 2686 1396 2737 Oxou.
1434 2701 1514 2749 pr.
1517 2690 1681 2736 —218
1728 2687 1964 2737 cumulare
1995 2687 2127 2737 Farn
2133 2691 2313 2738 .——219
2346 2687 2561 2738 Santonc
2580 2687 2702 2738 victo

485 2752 674 2802 Ambr.
695 2757 983 2802 tert—22⁰
1016 2752 1069 2801 in
1088 2750 1351 2800 innumeris
1369 2752 1453 2800 vel
1477 2751 1578 2800 ab
1557 2753 1821 2801 innumeris
1839 2754 1966 2804 Jun.
1991 2768 2070 2817 pr.
2105 2769 2136 2802 a
2173 2769 2240 2803 m.
2278 2769 2317 2804 s.
2360 2767 2520 2803 socero
2555 2752 2703 2803 Med.

491 2825 660 2882 quart.
711 2817 1086 2867 Stilicoacvmt
1110 2831 1213 2868 sec.
1228 2817 1503 2867 tremendis
1531 2817 1664 2881 Reg.
1695 2819 1894 2867 Matar.
1931 2818 2119 2868 Petav.
2160 2833 2267 2868 sec.
2312 2818 2415 2868 dno
2447 2816 2703 2867 Ambu-

474 2884 581 2932 ’221
642 2882 748 2933 Hic
775 2898 952 2931 versus
997 2882 1212 2957 margini
1259 2881 1516 2945 ascriptus
1546 2888 1625 2932 est
1669 2882 1721 2932 in
1767 2883 1955 2933 Petav.
2002 2899 2080 2947 pr.
2128 2891 2183 2933 et
2223 2885 2276 2932 in
2319 2884 2525 2933 Bonon.
2570 2883 2704 2933 desi-

489 2946 721 2998 deratur.
786 2948 1097 3011 quodcumque
1152 2947 1338 3010 viginti
1392 2945 1562 2997 Codd.
1618 2949 1749 2998 Exc.
1794 2948 2011 2998 Gevart.
2055 2949 2181 2998 Var.
2232 2963 2263 2998 e
2318 2963 2481 3011 marg.
2523 2948 2704 2997 Parm.

488 3027 790 3075 quoecumque
843 3011 1192 3061 Vicet.A1d.
1249 3019 1303 3061 et
1360 3012 1447 3061 alii
1505 3011 1627 3061 olim
1681 3013 1807 3062 editi
1816 3017 1995 3063 .--222
2028 3014 2373 3077 Armeniusque
2408 3012 2590 3063 Oxon.
2631 3028 2707 3078 pr.

482 3077 625 3126 ¹‹iuln't
666 3077 749 3126 vel
783 3078 917 3126 dedit
977 3078 1162 3126 Petav.
1215 3081 1336 3127 tert.
1381 3077 1609 3142 quidquid
1657 3079 1742 3127 vel
1795 3083 2019 3142 quantum
2077 3080 2203 3142 Reg.
2260 3082 2434 3128 oxon.
2474 3093 2559 3142 pr.
2613 3079 2706 3128 cri-

490 3146 608 3190 nata
679 3142 806 3191 Lov.
889 3142 1095 3204 sagittas
1171 3142 1364 3191 Moret.
1420 3157 1484 3207 pr
1457 3145 1660 3192 -ι·.224
1711 3143 1853 3193 Misit
1880 3144 2026 3192 Med.
2060 3158 2163 3193 sec.
2220 3144 2386 3194 Mittit
2419 3145 2544 3193 Vat.
2582 3152 2703 3194 tert.

493 3206 610 3256 Pal.
635 3206 776 3256 Prie.
800 3207 965 3256 Oisel.
991 3207 1225 3256 Florent.
1265 3206 1413 3256 Med.
1446 3222 1526 3271 pr.
1560 3208 1857 3258 Achaemenio
1894 3211 2026 3258 Exc.
2047 3210 2265 3260 Lucens.
2295 3225 2373 3273 pr.
2422 3210 2706 3259 Achimenio

494 3272 644 3322 Leid.
678 3287 755 3336 pr.
789 3272 893 3322 duo
926 3273 1074 3322 Vatt.
1100 3273 1232 3322 ·.Put
1268 3273 1398 3336 Reg.
1424 3273 1629 3322 Thuan.
1663 3273 1862 3324 Moret.
1904 3289 1980 3338 pr.
2016 3275 2199 3327 Petav.
2223 3290 2287 3338 pr
2262 3278 2466 3325 ι·.-227
2502 3275 2707 3327 thalami

494 3336 676 3388 Ambr.
738 3351 866 3388 sec
945 3336 1168 3388 thalamis
1230 3338 1354 3397 V‚at.
1409 3352 1516 3389 sec.
1576 3339 1707 3389 Cod.
1765 3339 1940 3390 Ursin.
2007 3341 2157 3391 VosS.
2239 3340 2453 3400 conferre
2518 3341 2706 3390 Pal.—

1484 3487 1707 3539 NOTAE

556 3603 652 3648 215
710 3599 870 3664 Lydia
917 3601 1071 3665 dives]
1133 3600 1298 3665 Regio
1343 3601 1555 3651 minoris
1635 3620 1640 3623 ·
1703 3605 1802 3652 222
1836 3601 2114 3665 Arruntius]
2178 3600 2429 3652 Armenia
2457 3603 2608 3669 regio
2627 3609 2708 3653 est

498 3675 659 3737 Asiae,
680 3676 861 3727 Croeso
881 3683 937 3726 et
973 3676 1199 3727 aurifero
1233 3677 1454 3727 Pactolo
1485 3677 1560 3728 in·
1638 3677 1797 3728 Asiae.

492 3753 672 3817 signis.
1707 3758 1804 3806 223
1859 3753 2048 3818 Meroe]
2113 3754 2289 3805 Insula
2326 3753 2473 3805 facta
2520 3755 2709 3817 aNilo,

561 3834 660 3886 216
692 3830 882 3895 Pelopi]
933 3832 1139 3882 Tantali
1168 3832 1296 3882 filio.
1639 3834 1797 3898 vulgo
1812 3834 2102 3896 Guegueres,
2123 3835 2268 3899 cnjus
2291 3835 2469 3899 populi
2486 3835 2709 3898 sagittas

561 3907 728 3971 Lyaeo]
770 3908 1009 3967 Baccho;
1052 3908 1146 3957 ἀπὸ
1183 3911 1272 3958 τοῦ
1290 3907 1439 3973 λύειν,
1471 3912 1564 3961 sol-
1643 3910 1749 3960 suis
1767 3911 2001 3969 crinibus
2024 3911 2293 3963 indebant.
2647 3968 2654 3973 ,

504 3997 630 4044 vere,
653 3983 790 4047 quod
813 3984 979 4034 solvat
1002 3987 1135 4034 curis
1155 3986 1367 4036 animos.
1706 3992 1805 4039 224
1839 3988 2161 4054 Achaemenio]
2226 3989 2439 4040 Persico
2460 4006 2473 4038 ε
2520 3989 2708 4041 Achae«

564 4062 662 4108 219
730 4058 929 4121 Mauro]
984 4061 1157 4110 Mauri
1202 4070 1324 4112 sunt
1366 4061 1564 4113 Africae
1642 4067 1814 4116 menia
1832 4068 1968 4116 enim
1992 4075 2076 4116 est
2095 4082 2214 4130 pars
2237 4067 2494 4129 Persidis,
2510 4082 2541 4116 a
2563 4068 2709 4133 Rege

502 4134 714 4199 populi:
750 4135 982 4185 Saxones
1002 4137 1315 4189 Germaniae.
1642 4142 1976 4193 Achaemene.

562 4216 659 4262 221
694 4213 932 4278 Gelonus]
990 4214 1183 4266 Geloni
1224 4222 1347 4267 sunt
1388 4218 1567 4287 populi
1707 4222 1804 4270 227
1842 4219 2018 4270 Omnes
2048 4219 2334 4287 triumphos]
2386 4221 2585 4272 Omnes
2621 4235 2711 4271 cu·

502 4290 745 4356 Scythiae.
1645 4296 1845 4349 mulate
1857 4295 2060 4351 fructus
2073 4298 2299 4350 emulum
2314 4299 2711 4366 triumphorum.
