2925 4928
823 448 922 498 nn
969 448 1193 499 noer.
1236 447 1522 498 nonen.
1573 445 1664 497 nr
1713 450 1900 500 MAR.
2329 434 2462 500 313

265 589 497 661 Invius
528 593 819 662 humano
848 616 1105 679 gressu,
1133 595 1584 680 Phariumque
1612 596 1833 661 cubile
2372 599 2463 663 50

263 699 574 780 Prote08‚
598 708 668 764 et
685 700 941 784 septem
972 699 1325 783 despectat
1353 718 1601 764 cornua
1631 698 1804 764 Nili.

261 802 461 867 Hunc
491 822 710 886 neque
731 808 1041 868 canentes
1069 801 1319 867 audent
1347 803 1591 868 vestire
1620 803 1881 887 pruinae
1905 822 1923 882 ;

259 905 461 970 Hunc
490 908 672 972 venti
704 905 975 991 pulsare
1005 905 1261 982 timent,
1293 906 1462 969 hunc
1491 904 1732 970 laedere
1760 904 1991 970 nimbi.

258 1008 582 1074 Luxuriae
612 1008 998 1095 Venerique
1027 1014 1244 1075 vacat.
1333 1008 1503 1074 Pars
1535 1001 1752 1074 acrior
1782 1008 1944 1073 anni

255 1109 539 1190 Exulat:
585 1115 812 1186 aetemi
834 1119 1022 1199 patet
1055 1112 1475 1195 indulgentia
1497 1113 1695 1177 veris,
2370 1114 2459 1177 55

255 1214 332 1280 In
354 1237 678 1302 campum
708 1237 782 1281 se
806 1216 1023 1282 fundit
1050 1236 1266 1301 apex:
1311 1217 1486 1281 hunc
1516 1236 1719 1282 aurea
1747 1235 1940 1299 sepes
2353 1233 2360 1241 ·

253 1317 528 1398 Circuit,
559 1327 630 1385 et
657 1319 841 1385 fulvo
872 1320 1174 1386 defendit
1203 1327 1391 1406 prata
1421 1321 1715 1386 metallo.

257 1420 718 1502 Mulciber‚-ut
744 1423 1108 1508 perhibent,
1137 1424 1241 1488 his
1287 1425 1524 1512 escula
1547 1423 1858 1508 conjugis
1893 1423 2054 1487 emit

256 1523 626 1604 Moenibus,
653 1531 717 1591 et
735 1526 902 1594 tales
930 1526 1214 1591 uxorius
1244 1526 1488 1591 obtulit
1517 1545 1727 1591 arces,

253 1735 508 1785 inaccessus
530 1735 726 1799 pedibus
746 1737 998 1799 hominum,
1017 1737 1219 1801 despicit
1240 1738 1407 1787 lectum
1421 1737 1707 1802 AEgyptium
1733 1737 1915 1798 Protei,
1931 1741 1978 1785 et
1997 1741 2174 1801 septem
2190 1736 2309 1786 ostia
2336 1735 2457 1787 Nm.

253 1800 440 1850 Glacies
460 1802 582 1851 albae
603 1816 694 1851 non
708 1804 878 1851 audent
890 1808 1050 1863 tegere
1061 1803 1184 1852 hunc
1205 1811 1432 1853 montem
1449 1819 1465 1863 ;
1487 1804 1615 1852 venti
1634 1807 1848 1852 metuunt
1863 1804 1986 1851 hunc
2000 1807 2259 1865 percutere.
2297 1802 2462 1852 Nubes

251 1873 488 1916 metuunt
509 1866 748 1930 offendere
785 1868 933 1917 hunc.-
966 1868 1049 1916 hic
1070 1869 1218 1917 servit
1237 1868 1469 1931 voluptati
1514 1874 1562 1917 et
1590 1868 1778 1918 Veneri.
1815 1869 1940 1917 Pars
1969 1867 2216 1916 violentior·
2246 1868 2359 1917 anni
2375 1882 2457 1916 ex·

243 1931 454 1994 pellitur.
524 1933 786 1982 Clementia
822 1934 948 1982 veris
979 1934 1199 1997 perpetui
1230 1934 1460 1997 aperitur.
1532 1934 1711 1983 Vertex
1739 1934 1929 1982 montis
1968 1933 2180 1983 extendit
2200 1933 2322 1981 sein
2350 1934 2456 1997 pla-

246 1997 427 2046 nitiem.
493 1996 685 2046 Aurata
718 2012 847 2062 sepes
891 1998 1045 2061 cingit
1080 1999 1219 2060 hunc,
1240 2005 1287 2047 et
1324 2003 1486 2048 tuetur
1516 2003 1658 2061 prata
1680 2000 1865 2047 metallo
1882 1998 2036 2058 fulvo.
2112 2000 2357 2058 Vulcanus,
2398 2001 2458 2046 ut

230 2060 399 2125 'ainana
422 2065 539 2112 emit
581 2062 715 2113 basia
746 2064 908 2113 uxoris
945 2079 1052 2113 suae
1087 2063 1163 2113 his
1196 2066 1362 2127 muris,
1394 2069 1441 2113 et
1468 2064 1579 2128 ipse
1599 2067 1798 2114 avarius
1827 2064 1957 2113 dedit
1977 2065 2095 2113 tales
2134 2069 2307 2115 turres.
2373 2063 2453 2111 In-

1182 2224 1414 2254 “eccs“
1422 2224 1537 2243 OOO&

246 2353 346 2405 LI..
372 2354 456 2404 ed.
481 2352 639 2406 Antv.
675 2356 883 2406 abundat
925 2358 1006 2406 vel
1044 2357 1287 2407 obumbrat
1336 2355 1510 2407 Oxou.
1547 2364 1780 2408 see—50
1798 2374 1966 2420 gressu
1988 2359 2070 2409 vel
2108 2358 2297 2421 gressui
2321 2358 2452 2420 Reg.

236 2420 405 2484 generi
420 2420 545 2470 Vat.
562 2420 672 2471 Liv.
706 2437 873 2484 gressu
898 2423 977 2472 vel
994 2423 1161 2485 generi
1182 2425 1302 2474 Vat.
1338 2439 1414 2488 pr.
1442 2424 1702 2487 Phariique
1725 2425 1990 2475 Pric.—5l
2016 2426 2290 2487 despectans
2307 2424 2450 2474 Med.

247 2491 418 2549 quart.
437 2487 708 2550 despectant
729 2489 852 2538 Vat.
882 2496 1048 2553 quart.
1075 2489 1227 2539 Farn.
1266 2492 1409 2540 Rott.
1440 2491 1678 2554 despectat
1701 2490 1927 2539 Floreat.
1963 2490 2065 2538 duo
2087 2490 2232 2540 Med.
2256 2489 2453 2540 Mazar.

244 2553 369 2602 Vat.
392 2551 560 2601 Livin.
583 2551 705 2604 Jun.
739 2568 817 2617 pr.
851 2553 995 2604 Leid.
1022 2569 1098 2617 pr.
1131 2555 1259 2604 Exc.
1291 2556 1508 2604 Lucens.
1539 2570 1641 2605 sec.
1662 2569 1837 2604 cornua
1862 2555 1943 2604 vel
1963 2555 2121 2604 hostia
2141 2553 2321 2603 Ambr.
2345 2567 2451 2603 sec.

243 2621 375 2667 —52
407 2617 556 2666 Hunc
589 2633 736 2680 neque
770 2623 986 2667 canentes
1021 2620 1147 2668 Exc.
1184 2620 1336 2669 Laeti.
1377 2620 1499 2668 Vat.
1540 2635 1617 2683 pr.
1650 2635 1714 2668 m.
1759 2635 1837 2682 pr.
1873 2620 2010 2669 Prie.
2036 2619 2197 2669 Oisel.
2237 2619 2455 2667 cadentes

243 2682 365 2732 Vat.
398 2682 565 2747 quint.
585 2685 833 2732 candentes
847 2690 902 2733 et
924 2684 1127 2733 emend.
1148 2691 1366 2734 canentes
1388 2686 1513 2734 Lov.
1535 2687 1763 2734 coedentes
1780 2686 1909 2733 Exc.
1930 2684 2152 2733 Lucens.
2171 2698 2275 2734 sec.
2292 2697 2452 2746 appo·

228 2748 344 2797 ‘sito
383 2754 442 2810 ÷
471 2747 641 2810 signo,
678 2757 735 2797 ut
757 2755 983 2809 notetur,>
1006 2756 1239 2798 veterem
1278 2751 1557 2799 lectionem
1582 2764 1696 2799 esse
1736 2751 1817 2798 vel
1841 2763 2039 2798 erasum
2061 2748 2143 2798 vel
2166 2749 2451 2810 interpola-

226 2819 368 2877 tam.
389 2816 605 2875 spectare
627 2814 707 2862 vel
727 2829 915 2875 sperare
937 2828 1032 2878 pro
1059 2815 1232 2863 vestire
1252 2816 1282 2866 J
1290 2829 1374 2864 un.
1399 2819 1609 2876 pre-53
1642 2813 1829 2863 nimbus
1850 2815 2042 2863 Moret.
2067 2819 2274 2876 pr.—-54
2304 2813 2450 2864 Vene-
2537 2848 2540 2851 ψ

239 2878 375 2942 rique
393 2879 522 2927 Exc.
545 2877 700 2927 Laeti.
733 2879 972 2942 ventrique
996 2880 1096 2928 inc.
1121 2879 1303 2935 Heius.
1325 2881 1507 2929 PetaV.
1532 2894 1610 2941 pr.
1634 2880 1813 2930 Ambr.
1840 2886 1961 2928 tert.
2002 2879 2174 2928 Oxou.
2196 2893 2298 2928 sec.
2322 2879 2451 2929 Cod.

242 2943 420 3007 Epigr.
444 2941 630 2992 Ambr.
655 2944 781 2994 Exc.
805 2944 1020 2994 Gevart.
1045 2944 1126 2994 ed.
1163 2945 1338 2993 Vicet.
1359 2946 1600 3007 ventrique
1621 2945 1705 2993 vel
1750 2944 2009 3007 Venerique
2026 2945 2157 3009 Reg.
2182 2944 2350 2994 Oxou.
2372 2958 2451 3005 pr.

242 3009 437 3058 Moret.
460 3022 564 3058 sec.
586 3008 688 3057 duo
713 3008 1030 3059 Petam-*56
1052 3008 1223 3069 fundit
1246 3011 1375 3058 Exc.
1402 3010 1552 3059 Laeti.
1570 3010 1709 3068 fudit
1744 3011 1897 3060 Fan-n.
1916 3010 2102 3059 Petav.
2142 3023 2245 3059 sec.
2269 3008 2451 3059 Ambr-

152 3119 157 3124 .
242 3080 361 3124 tert.
387 3074 517 3123 Lov.
553 3074 683 3122 Exc.
714 3074 931 3124 Gevart.
954 3075 1035 3125 ed.
1075 3075 1248 3124 Vicet.
1278 3075 1455 3124 desidit
1478 3076 1561 3124 vel
1580 3091 1631 3124 se
1651 3075 1824 3137 fundit
1844 3074 2024 3125 Ambr.
2058 3089 2165 3125 sec.
2186 3074 2276 3122 buc
2307 3088 2451 3123 aurea

241 3139 383 3188 Med.
408 3143 665 3188 terh—5⁷
684 3137 820 3201 flavo
844 3141 1067 3203 plurima
1085 3155 1204 3202 pars
1228 3139 1392 3190 Codd.
1427 3142 1553 3189 Exc.
1575 3141 1772 3190 Schott.
1797 3141 2014 3190 Gevart.
2049 3146 2105 3189 et
2127 3141 2345 3189 Luceus.
2372 3153 2449 3202 pr.

240 3203 423 3254 Sched.
445 3203 587 3254 Gud.
609 3204 732 3252 Var.
757 3204 864 3254 LL.
907 3204 992 3254 ed.
1018 3205 1172 3255 Antv.
1212 3205 1340 3254 item
1376 3205 1547 3254 Oxou.
1569 3205 1712 3255 Leid.
1734 3207 1925 3256 Lovan.
1941 3212 1997 3255 et
2018 3205 2100 3253 ed.
2126 3205 2297 3255 Vicet.
2333 3218 2451 3252 rura

226 3267 377 3334 jMed.
397 3273 637 3320 sem—58
663 3268 891 3329 Mulcifer
909 3269 1102 3320 Matar.
1126 3269 1297 3321 Oxou.
1319 3285 1399 3334 pr.
1424 3287 1491 3320 m.
1515 3276 1751 3321 sem—59
1773 3277 1901 3324 artes
1920 3285 2013 3334 pro
2034 3285 2163 3320 arces
2183 3271 2295 3320 Pal.
2311 3282 2451 3318 aures

1237 3430 1288 3481 N
1293 3430 1456 3481 OTAE

244 3577 292 3626 id
315 3582 417 3639 est,
440 3591 548 3642 qua
583 3577 787 3641 Cyprus
827 3577 1042 3642 respicit
1064 3592 1204 3627 mare
1230 3578 1310 3628 Io·
1390 3578 1529 3629 neris
1585 3579 1778 3628 nullam
1828 3579 2085 3642 hyemem,
2135 3593 2228 3629 ver
2266 3593 2452 3644 perpe-

243 3653 398 3716 nium,
419 3653 562 3719 quod
604 3655 669 3703 ad
705 3654 981 3719 AEgyptum
1022 3671 1183 3720 usque
1222 3670 1309 3704 ex·
1388 3661 1531 3705 tuum
1586 3656 1785 3705 tribuit.
1842 3656 1975 3705 Haec
2028 3655 2165 3705 euim
2217 3658 2337 3705 Dea
2369 3662 2452 3706 est

246 3731 492 3781 tenditur.
1385 3731 1702 3796 serenitatis,
1724 3734 2018 3798 risuumque
2038 3738 2095 3782 et
2118 3732 2418 3796 voluptatis.

302 3813 365 3858 50
400 3807 746 3872 Phariumque]
777 3808 841 3858 Id
864 3816 962 3871 est,
991 3809 1307 3874 AEgyptium,
1450 3816 1513 3860 55
1549 3810 1719 3873 Patet]
1785 3809 2054 3874 Aperitur,
2134 3810 2449 3875 porrigitur:

243 3903 273 3938 a
307 3889 483 3939 Pharo
519 3904 682 3954 parva
715 3889 838 3939 olim
874 3889 984 3939 Nili
1021 3890 1202 3949 insula,
1237 3889 1302 3937 ad
1386 3888 1557 3938 omnia
1579 3888 1768 3952 quippe
1812 3902 1979 3967 verno‘
2015 3894 2248 3952 tempore
2286 3888 2450 3953 expli-

243 3981 391 4031 quam
434 3968 663 4019 Proteus
698 3968 787 4017 ille
819 3967 1101 4018 formarum
1145 3975 1305 4018 muta·
1384 3972 1588 4022 cantur,
1614 3965 1939 4027 aperiuntur.

247 4043 381 4094 tione
404 4044 621 4108 insignis
645 4045 958 4095 stabulabat.
1426 4046 1513 4117 ι58
1546 4041 1804 4104 Mulciber]
1851 4042 2117 4092 Vulcanus
2133 4041 2303 4091 omnia
2329 4055 2452 4106 ope-

302 4124 364 4171 51
400 4120 593 4186 Septem
644 4123 838 4186 cornua]
902 4121 1145 4185 Septem·
1171 4122 1305 4171 ostia
1384 4135 1444 4168 ra
1487 4119 1724 4183 insignia,
1745 4126 1800 4168 et
1839 4118 2109 4184 duratura,
2138 4117 2316 4169 facere
2358 4117 2452 4168 tiu-

248 4197 370 4261 Nili,
422 4197 510 4262 qui
566 4196 690 4246 inde
745 4197 937 4250 dicitur
980 4213 1011 4248 a
1066 4199 1305 4265 Virgilio,
1383 4198 1536 4261 gitur.

245 4273 261 4303 ‘
281 4270 766 4340 Septemgeminus.’
1447 4277 1514 4322 59
1554 4270 1785 4337 Uxorius]
1850 4270 1955 4324 Qui
2015 4271 2167 4324 uxori
2233 4272 2450 4339 placere

305 4354 366 4403 63
408 4351 550 4405 Venti
564 4353 760 4418 pulsare
780 4353 974 4422 timent]
1008 4353 1180 4407 Menti
1200 4354 1304 4408 Ve·
1384 4349 1563 4416 gestit.
