2925 4928
634 376 723 456 40
753 442 759 449 .
1310 428 1315 435 -
1445 398 2011 454 rnonneoMENA
2133 427 2138 433 -

633 551 1057 638 quibusdam,
1087 571 1239 638 quae
1270 551 1462 616 Statii
1507 551 1554 614 S
1561 550 1736 634 ylvis
1766 550 2195 629 continentur,
2239 549 2524 634 illisque
2571 547 2729 615 Am

632 657 1057 734 carminibus,
1103 675 1254 740 quae
1286 656 1412 719 sub
1441 655 1674 719 eodem
1699 655 1962 718 nomine
1990 654 2373 732 venduntur,
2414 654 2729 719 contine

634 757 906 823 Habent
932 760 1059 823 boc
1103 759 1465 843 peculiare,
1488 755 1666 842 quod
1695 776 1835 821 rem
1868 757 2183 842 aliquam,
2203 758 2309 822 vel
2337 759 2587 822 minus
2620 778 2723 822 no

629 863 736 927 vel
764 863 1273 939 memorabilem,
1304 864 1668 944 exponunt,
1717 867 1832 925 aut
1859 860 2112 942 aliquid
2140 861 2251 923 vel
2282 881 2324 924 a
2350 867 2616 925 natura
2654 881 2729 926 νε

628 969 767 1029 arte
795 965 1160 1048 profectum
1191 964 1599 1029 describunt.
1691 963 1773 1028 In
1803 968 1942 1029 toto
1968 964 2095 1028 hoc
2125 984 2354 1046 genere
2385 965 2678 1047 saepius
2700 983 2729 1027 a

627 1066 748 1145 dit,
779 1074 855 1132 ut
874 1066 1101 1151 poetae
1126 1069 1451 1152 pictorum
1476 1066 1698 1132 officia
1738 1072 1804 1132 et
1850 1085 2089 1131 munus
2115 1072 2476 1151 occupent,
2533 1067 2614 1130 in
2658 1088 2729 1130 e(

623 1171 1063 1254 nequicquam
1089 1171 1411 1250 laborent,
1436 1172 1617 1256 quod
1636 1169 1922 1256 poeseos
1952 1162 2122 1235 ratio
2143 1191 2272 1235 non
2301 1171 2536 1254 possit
2567 1169 2729 1234 effic

629 1272 1017 1357 Descriptio
1049 1274 1222 1338 enim
1270 1264 1559 1359 alicujus
1598 1276 1697 1340 rei
1723 1275 1947 1339 verbis
1975 1275 2299 1349 instituta,
2327 1294 2490 1357 quae
2537 1293 2724 1337 nece

623 1376 727 1440 rio
755 1376 829 1441 fit
857 1377 1159 1460 partibus
1192 1378 1342 1442 aliis
1394 1383 1555 1461 post
1599 1378 1771 1442 alias
1802 1377 2182 1460 descriptiS,
2231 1396 2522 1459 quarum
2549 1376 2729 1459 prio]

622 1478 945 1561 imagines
975 1481 1084 1545 vel
1110 1480 1340 1547 deletae
1370 1486 1522 1546 sunt
1550 1481 1658 1546 vel
1687 1481 2105 1545 obscuriores
2140 1479 2337 1544 factae
2367 1478 2591 1562 priuS,
2646 1498 2729 1562 qt

623 1582 852 1646 ordine
882 1584 968 1648 ad
998 1585 1393 1668 posteriores
1421 1586 1706 1664 veneris,
1758 1590 1894 1649 tam
1922 1583 2152 1660 vivida
2181 1588 2249 1647 et
2289 1582 2649 1646 luculenta
2696 1601 2729 1643 e

617 1685 800 1750 nullo
828 1686 1029 1752 modo
1056 1694 1301 1772 potest,
1351 1707 1554 1773 quam
1584 1686 1883 1771 ejusdem
1910 1688 2132 1770 imago
2157 1684 2586 1750 lineamentis
2619 1690 2692 1748 et

618 1788 868 1854 loribus
897 1790 964 1854 in
994 1791 1218 1855 tabula
1247 1791 1474 1875 aliqua
1503 1810 1822 1876 expressa
1852 1790 2197 1872 oculisque
2224 1787 2568 1872 exposita.
2666 1785 2729 1849 11

618 1893 886 1975 ginandi
913 1893 1021 1959 vis
1049 1894 1119 1958 in
1159 1895 1453 1961 ordinem
1500 1896 1693 1980 quasi
1740 1900 1981 1960 coacta
2027 1899 2095 1958 et
2140 1890 2466 1967 coercita,
2515 1888 2729 1954 facult

616 1994 820 2059 libere
851 1996 1088 2078 agendi
1116 1998 1418 2075 exclusa,
1449 1999 1790 2062 incassum
1815 1998 2080 2061 laborat
2098 2015 2181 2060 ea
2204 1999 2503 2078 repetere
2526 2011 2653 2057 seu
2680 2013 2729 2055 rc

616 2115 793 2174 nere,
826 2116 979 2183 quae
1024 2099 1170 2184 jam
1221 2102 1519 2166 extincta
1566 2107 1726 2166 sunt¹
1769 2121 1889 2167 seu
1934 2104 2368 2175 evanescunt,
2416 2102 2626 2179 atque
2679 2094 2729 2157 ir

612 2198 828 2281 frigus
856 2202 1095 2266 animis
1124 2203 1438 2282 oboritur,
1491 2203 1673 2288 quod
1722 2205 1828 2269 vel
1881 2201 2444 2288 splendidissimae
2493 2198 2729 2264 diction

612 2319 745 2366 non
774 2308 1057 2386 possunt
1085 2303 1455 2372 defendere.
1547 2305 1878 2372 Videntur
1904 2307 2051 2372 haec
2081 2305 2376 2370 carmina
2421 2302 2506 2367 ad
2557 2319 2643 2367 ea
2671 2320 2729 2383 p«

611 2403 837 2484 tinere,
866 2406 934 2471 in
965 2405 1210 2491 quibus
1239 2409 1626 2494 plerumque
1672 2410 1916 2495 ingenii
1945 2409 2310 2494 periculum
2339 2407 2656 2482 facerent,
2702 2424 2729 2468 c

612 2509 914 2573 versibus
942 2510 1313 2576 scribendis
1341 2533 1614 2596 operam
1656 2515 1811 2579 dare
1838 2514 2273 2591 instituerent,
2320 2516 2435 2575 aut
2452 2508 2600 2594 jam
2625 2527 2727 2572 ex«

612 2612 801 2677 citati
840 2615 909 2676 in
950 2613 1116 2678 hac
1106 2634 1177 2678 re
1205 2616 1410 2681 otium
1455 2617 1770 2682 fallerent.
1861 2616 2180 2683 Fortasse
2217 2614 2430 2680 etiam
2456 2612 2584 2676 hoc
2605 2629 2727 2694 gen

609 2715 677 2777 in
701 2716 1276 2797 grammaticorum
1301 2719 1547 2784 scholis
1573 2723 1808 2784 natum
1826 2725 1949 2800 est,
1973 2738 2127 2784 cum
2150 2716 2442 2802 magistri
2463 2713 2727 2798 discipu

607 2835 746 2880 rem
779 2819 1092 2902 aliquam,
1144 2840 1185 2884 a
1214 2827 1433 2886 vetere
1462 2822 1694 2905 aliquo
1715 2820 1918 2906 poeta
1946 2822 2186 2907 paucis
2215 2823 2464 2885 tantum
2506 2815 2725 2881 versib

606 2923 979 3001 tractatam,
1004 2923 1414 3002 imitandam,
1462 2924 1871 3003 variandam,
1897 2926 2208 3008 omnique
2233 2921 2483 2987 ratione
2509 2916 2725 3002 locupl

606 3022 876 3088 tandam
907 3032 1368 3110 proponerent.
1458 3027 1644 3091 Hinc
1674 3046 1717 3091 a
1744 3026 1967 3112 po‘etis
1994 3026 2492 3102 recentioribuS,
2536 3023 2723 3105 ingen

602 3142 739 3191 non
790 3128 1142 3194 admodum
1193 3130 1707 3210 abundantibus,
1757 3130 1878 3195 sed
1927 3130 2247 3196 sermonis
2301 3126 2542 3212 poetici
2590 3131 2723 3191 arte:

602 3231 814 3312 probe
844 3231 1127 3312 edoctis,
1183 3238 1501 3298 retentum
1540 3241 1645 3301 est
1673 3235 2028 3320 studioque
2082 3233 2399 3317 singulari
2446 3230 2723 3296 excultum

605 3332 1080 3402 Narrationem
1110 3337 1402 3403 continet
1425 3323 1712 3422 primum
1742 3358 2026 3415 carmen,
2076 3336 2256 3422 quod
2285 3335 2652 3418 inscriptum
2679 3350 2723 3395 e:

605 3432 877 3501 Phoenioe
894 3463 918 3508 ;
961 3446 1025 3505 et
1053 3440 1429 3524 septimum,
1477 3443 1549 3506 in
1573 3441 2097 3526 quossexponitur
2125 3440 2310 3524 pium
2336 3438 2576 3503 facinus
2617 3434 2721 3498 du(

600 3559 741 3604 rum
768 3542 1057 3621 fratrum,
1089 3546 1204 3628 qui
1234 3549 1543 3629 parentes
1579 3566 1735 3612 suos
1768 3565 1956 3610 senes
1986 3545 2054 3608 in
2088 3544 2311 3608 AEtnae
2337 3541 2557 3605 montis
2585 3558 2721 3621 erup

599 3641 774 3707 tione
801 3645 1090 3711 humeris
1113 3649 1417 3715 sublatos
1438 3652 1802 3716 servarunt.
1893 3649 2190 3734 Reliqua
2210 3647 2322 3713 vel
2349 3665 2477 3709 rem
2498 3644 2721 3727 aliqum

600 3743 1010 3827 describunt,
1060 3753 1168 3815 vel
1210 3755 1770 3821 narratiunculam
1799 3753 2226 3837 descriptioni
2279 3750 2624 3836 adjunctam
2647 3746 2719 3811 ha

597 3846 772 3912 bem·
836 3848 1230 3936 Quanquam
1260 3877 1542 3922 acumen
1566 3860 1948 3943 quaesitum,
1979 3856 2298 3922 doctrinae
2328 3853 2664 3930 ostentatio,
2690 3870 2719 3915 e

595 3949 1058 4019 miraculorum
1116 3958 1408 4023 studium
1469 3960 1540 4024 in
1583 3963 1887 4026 omnibus
1935 3980 2007 4025 se
2066 3964 2368 4025 exserat:
2434 3964 2643 4033 tamen,
2690 3974 2717 4018 s

596 4074 821 4121 verum
850 4057 1191 4124 fatendum
1217 4068 1342 4139 est,
1373 4063 1520 4128 haec
1551 4083 1764 4149 parva
1790 4066 2085 4130 carmina
2111 4063 2245 4127 illis
2273 4061 2657 4145 longioribus,
2680 4058 2717 4122 i1

596 4159 843 4242 quibus
872 4162 1087 4230 rhetor
1111 4183 1184 4227 se
1207 4163 1444 4249 jactat,
1491 4168 1684 4251 longe
1711 4174 2033 4253 praestare
2055 4166 2373 4232 videntur.
2451 4162 2711 4228 Colorem

596 4281 728 4347 quo
769 4264 1019 4331 scholae
1046 4265 1403 4336 infecerunt
1441 4270 1733 4355 po'etam,
1775 4273 1978 4339 etiam
2007 4270 2080 4336 in
2107 4271 2210 4338 his
2241 4270 2482 4352 videas;
2521 4264 2715 4352 praeci·
