2925 4928
948 403 1045 451 nn
1096 400 1335 450 annno
1382 401 1822 453 cinnoch.
2356 382 2490 459 :373

286 542 525 633 Irrupit
556 537 844 616 clamore
869 551 1085 617 fores:
1134 550 1318 631 Quid
1343 571 1577 635 magne
1606 552 1887 617 moraris

282 652 564 737 Jupiter,
594 656 831 721 avulso
859 676 1065 735 nexa,
1101 657 1453 740 pelagique
1486 657 1722 721 solutis
2360 661 2489 727 140

279 758 595 841 LegibuS,
629 760 870 824 iratum
898 761 1168 844 populis
1193 760 1541 824 immittere
1570 758 1884 823 fratrem?

279 860 498 941 Mergi
529 863 747 945 prima
777 867 955 944 peto.
1046 861 1342 927 Veniant
1372 869 1713 946 praerupta
1742 860 2071 947 Pachyno

273 964 581 1047 AEquora
607 984 624 1029 t
668 964 913 1029 laxatis
943 958 1296 1028 subsidant
1322 965 1628 1049 Syrtibus
1658 967 1881 1029 urbes.

275 1065 346 1129 Si
375 1066 545 1129 mihi
578 1066 932 1132 Gildonem
961 1073 1289 1151 nequeunt
1316 1067 1649 1131 abducere
1670 1067 1835 1147 fata,

274 1168 386 1233 Me
412 1189 576 1252 rape
611 1169 909 1235 Gildoni.
952 1169 963 1178 “
1004 1171 1291 1235 Felicior
1318 1173 1433 1235 illa
1464 1177 1755 1254 perustae
2351 1174 2484 1239 145

275 1273 440 1338 Pars
474 1274 736 1359 Libyae,
761 1275 967 1338 nimio
998 1294 1152 1357 quae
1185 1294 1259 1341 se
1288 1276 1539 1339 munita
1567 1275 1788 1340 calore

277 1376 612 1456 Defendit,
638 1378 932 1462 tantique
963 1384 1161 1443 vacat
1189 1397 1424 1442 secura
1446 1379 1736 1461 tyranni.

272 1476 547 1544 Crescat
574 1499 747 1545 zona
774 1481 1016 1545 rubens
1044 1502 1058 1541 :
1105 1481 1360 1546 medius
1389 1481 1733 1563 flagrantis
1766 1480 2041 1568 Olympi

260 1655 348 1699 ‘tur
369 1664 433 1699 ex
471 1651 628 1713 capite
661 1653 892 1700 lacerato:
927 1652 1014 1700 illa
1037 1651 1178 1701 irruit
1205 1651 1255 1699 in
1282 1651 1412 1701 Coeli
1432 1652 1617 1712 limina,
1638 1652 1737 1699 haec
1758 1650 2048 1710 vociferans.-
2086 1652 2248 1708 Quare
2284 1659 2474 1705 cama-

270 1717 350 1772 ris,
371 1730 401 1764 o
425 1732 594 1778 magne
613 1718 831 1779 Jupiter,
844 1718 1010 1765 laxare
1020 1716 1231 1776 fratrem
1269 1718 1569 1779 Neptunum
1595 1687 1958 1778 indignantem
1945 1732 1995 1764 ιιι
2019 1722 2172 1766 terras
2193 1721 2348 1781 ruptis
2368 1720 2472 1768 vin-

267 1783 399 1842 culis,
417 1788 469 1831 et
489 1782 732 1831 dissolutis
745 1781 927 1843 legibus
946 1782 1119 1831 maris.
1106 1779 1130 1817 ’ἱ
1159 1782 1302 1831 Posco
1333 1785 1490 1844 prima
1521 1782 1786 1842 submergi.-
1816 1789 2061 1845 erumpant
2081 1783 2235 1832 maria
2253 1785 2474 1848 proecipi-

270 1848 420 1895 tantia
458 1863 525 1896 ex
564 1847 818 1910 Pachyno:
850 1848 1021 1909 oppida
1043 1847 1301 1896 obruantur
1333 1849 1556 1910 Syrtibus
1588 1848 1783 1909 apertis.
1850 1846 2033 1906 Sifata
2053 1863 2144 1895 non
2163 1854 2354 1911 possunt
2376 1851 2471 1900 eri-

264 1927 370 1975 pere
385 1912 503 1961 milii
533 1912 798 1974 Gildonem,
821 1912 948 1975 eripe
973 1928 1043 1960 me
1072 1913 1286 1961 Gildoni.
1352 1913 1448 1962 Illa
1471 1912 1608 1974 regio
1635 1913 1803 1975 Libyca
1824 1913 2037 1961 ardentis
2047 1912 2351 1973 fortunatior
2370 1924 2473 1976 est,
2521 1933 2534 1939 ·

270 1992 366 2039 quoe
386 1976 577 2039 defensa
597 1980 766 2027 ardore
795 1977 1035 2027 immodico
1058 1983 1246 2027 tutatur
1265 1993 1333 2041 se,
1358 1978 1646 2041 quiescitqae
1684 1982 1791 2026 tuta
1827 1993 1856 2027 a
1888 1982 2089 2041 tyranno
2120 1983 2267 2029 tanto.
2334 1980 2470 2031 Zona

1189 2077 1548 2111 eeeeeeeeeoe'o·

269 2156 347 2206 ed.
369 2156 526 2207 Autv.
581 2156 850 2222 Effractam
873 2157 1054 2221 viginti
1078 2158 1183 2206 alii
1235 2157 1459 2220 superbas
1480 2171 1654 2205 omnes
1676 2158 1823 2207 Vatt.
1841 2156 1956 2214 Pal.
1979 2157 2132 2205 Farn.
2156 2157 2297 2207 Pric.
2321 2158 2468 2209 Rott.

268 2222 421 2273 Oisel.
445 2225 674 2274 Florent.
695 2238 812 2273 cum
838 2225 1026 2287 glossa,
1047 2224 1082 2272 i.
1102 2238 1143 2271 e.
1169 2222 1358 2271 nobiles.
1393 2237 1616 2285 supernas
1636 2223 1781 2271 Med.
1809 2238 1911 2271 sec.
1932 2238 2000 2271 m.
2026 2233 2133 2272 sec.
2156 2223 2283 2271 item
2307 2223 2468 2276 Gesu.

266 2289 344 2337 ed.
371 2289 584 2351 Bipont.
625 2289 831 2355 Koenig.
867 2289 1023 2365 quod
1046 2288 1267 2353 probare
1310 2289 1443 2336 visus
1485 2287 1750 2349 Heinsius,
1773 2288 1858 2353 qui
1886 2288 2200 2351 ascripserat
2223 2304 2365 2353 seqq.
2391 2289 2467 2339 sic

264 2366 336 2403 vt.
361 2354 513 2410 Cous,
538 2346 736 2403 Honor.
759 2358 840 2403 95.
880 2353 1119 2403 ‘seniore
1155 2368 1402 2416 supernas
1442 2354 1563 2403 Jam
1605 2361 1878 2416 repetente
1922 2352 2136 2416 plagas!
2176 2354 2260 2402 ubi
2286 2354 2465 2403 similis

263 2419 501 2469 varietaS.
540 2427 594 2469 et
617 2421 667 2469 in
694 2420 921 2470 carmine
945 2419 1010 2468 de
1035 2419 1131 2482 piis
1156 2419 1425 2468 rvr-auibus
1446 2422 1528 2468 28.
1566 2420 1581 2447 ‘
1606 2418 1919 2469 documenta
1941 2433 2177 2482 supernae
2193 2418 2467 2470 Justitiaess

152 2490 171 2513 ⁸
264 2483 311 2532 id
335 2492 414 2534 est
438 2489 656 2535 coelestis.
681 2493 737 2534 et
761 2488 794 2540 1.
821 2500 884 2534 ιι.
904 2486 969 2533 de
994 2486 1169 2548 Raptu
1189 2488 1301 2534 239.
1325 2486 1340 2512 ‘
1367 2500 1483 2547 quae
1514 2491 1567 2532 te
1599 2484 1811 2533 fortuna
1831 2485 2067 2546 supernis
2089 2483 2374 2533 Abstulit?
2408 2492 2466 2537 et

257 2550 292 2598 l.
315 2564 396 2599 ιιι.
420 2552 579 2612 Rapt.
603 2556 717 2600 107.
745 2552 760 2579 ‘
789 2551 952 2614 Inque
989 2564 1212 2612 superna
1244 2546 1398 2597 refer.
1404 2549 1584 2599 '—139
1620 2550 1854 2612 Inrumpit
1893 2549 2012 2598 Vat.
2037 2564 2142 2598 sec.
2168 2550 2361 2599 Moret.
2384 2565 2464 2611 pr.

258 2615 357 2663 vias
379 2631 471 2678 pro
482 2615 620 2676 fores
643 2616 784 2666 Prie.
786 2620 944 2665 —141
985 2615 1196 2676 Legibus
1220 2615 1299 2662 vel
1329 2614 1547 2663 Nexibas
1570 2615 1732 2664 Oisel.
1771 2616 1957 2678 populis
1979 2615 2110 2662 Exc.
2137 2615 2287 2664 Laeti.
2321 2615 2465 2664 terris

216 2692 221 2699 ·
259 2681 339 2729 ed.
362 2683 535 2730 Vicet.
562 2683 728 2730 Colin.
781 2681 925 2730 terris
958 2682 1046 2729 vel
1079 2679 1262 2744 populis
1299 2679 1427 2728 Exr.
1461 2680 1580 2727 Pat.
1620 2695 1723 2729 rec.
1766 2678 1961 2741 frenum
1985 2677 2301 2742 profratrem
2323 2681 2465 2731 Pric.

243 2744 374 2802 freni
397 2748 521 2795 Var.
550 2748 651 2796 LL.
672 2747 754 2795 ed.
779 2747 938 2796 Antv.
962 2761 1028 2794 m.
1055 2761 1132 2809 pr.
1138 2749 1298 2794 -142
1331 2750 1497 2793 cuncta
1510 2750 1619 2807 peto
1641 2744 1823 2793 Ambr.
1850 2759 1927 2807 pr.
1957 2750 2194 2808 praerepta
2218 2744 2362 2794 Med.
2382 2760 2462 2808 pr.

258 2810 384 2860 Cod.
408 2813 589 2862 Barth.
646 2813 903 2876 Pachynno
942 2812 1064 2860 Vat.
1106 2826 1183 2874 pr.
1225 2817 1279 2859 et
1317 2824 1421 2859 see.
1481 2810 1733 2874 Pachynon
1768 2809 1936 2858 Colin.
1939 2813 2099 2858 —143
2132 2812 2311 2858 laxatis
2332 2811 2465 2861 Exc.

254 2875 402 2925 Laeti.
460 2879 648 2926 lassatis
673 2878 846 2926 Oxon.
881 2891 985 2926 sec.
1030 2875 1174 2926 Med.
1213 2883 1335 2924 tert.
1369 2875 1489 2924 edd.
1527 2876 1697 2926 Vicet.
1721 2882 1775 2923 et
1800 2875 1975 2923 Parm.
2024 2876 2279 2924 subsistant
2317 2876 2462 2928 Med.

257 2950 424 3004 quart.
429 2947 592 2993 -144
625 2949 852 3006 nequeant
895 2941 1075 2991 Ambr.
1120 2957 1196 3004 pr.
1279 2941 1501 2990 obducere
1544 2940 1667 2990 Pat.
1752 2940 2027 3002 abrumpere
2070 2941 2199 2991 Exc.
2243 2941 2393 2990 Laeti.
2398 2969 2464 2978 —

242 3010 342 3059 ,145
375 3013 597 3070 proeastoe
619 3009 766 3056 Leid.
787 3023 863 3071 pr.
890 3008 1215 3057 Oisel.—-—l46
1248 3006 1394 3054 nimio
1413 3007 1539 3055 Exc.
1566 3007 1684 3055 Pat.
1708 3020 1814 3054 ree.
1865 3005 2014 3054 medio
2037 3005 2158 3055 Pat.
2183 3006 2265 3056 ed.
2287 3007 2461 3056 vicet.

256 3077 415 3121 -147
451 3073 690 3131 Defendat
733 3074 815 3122 ed.
853 3074 1023 3121 Vicet.
1081 3089 1171 3136 qua
1209 3073 1330 3121 Vat.
1373 3087 1449 3133 ρι’.
1507 3073 1720 3134 tantique
1741 3072 1825 3120 vel
1846 3073 2122 3133 tandemque
2144 3071 2289 3120 Med.
2315 3086 2463 3134 pr.—

255 3141 344 3187 148
383 3138 566 3187 Crescit
589 3139 777 3187 Petav.
803 3153 906 3188 see.
930 3136 1110 3187 Ambr.
1137 3143 1257 3187 tert.
1284 3138 1413 3188 Exc.
1439 3137 1653 3186 Gevart.
1683 3137 1826 3186 Med.
1851 3143 1971 3185 tert.
2014 3137 2195 3186 Crescit
2219 3138 2300 3185 vel
2327 3138 2463 3187 Cres·

249 3208 319 3250 cat
347 3204 477 3263 Reg.
499 3204 663 3254 Oisel.
713 3205 877 3254 melias
897 3203 1093 3253 Thurin.
1117 3204 1310 3252 Mazar.
1328 3204 1533 3252 Tholos,
1557 3204 1681 3251 Vat.
1702 3217 1804 3251 sec.
1832 3201 1974 3250 Med.
1997 3207 2121 3250 tert.
2148 3203 2329 3251 Petav.
2354 3217 2457 3254 sec.

255 3268 399 3318 ambo
421 3270 619 3320 Moret.
646 3277 751 3318 tres
774 3269 958 3321 Ambr.
979 3271 1109 3320 Exc.
1135 3268 1350 3318 Gevart.
1380 3269 1507 3317 Var.
1535 3268 1636 3317 LL.
1661 3267 1743 3317 ed.
1767 3265 1930 3316 Antv.
1988 3267 2167 3314 medius
2192 3268 2273 3315 vel
2295 3268 2459 3317 melius

1233 3380 1282 3432 N
1290 3381 1446 3430 0¹1¹AE

244 3478 252 3485 ’
307 3486 400 3532 140
432 3480 612 3532 Avulsa
647 3496 792 3543 nexu,
823 3482 928 3546 ξω]
963 3479 1170 3530 Avulsis
1208 3480 1310 3531 illis
1390 3478 1503 3540 buS,
1520 3486 1574 3526 et
1598 3476 1798 3528 obrutae
1826 3476 1976 3526 urbes
2001 3476 2290 3530 subsidant.
2334 3481 2454 3548 Syr-

245 3559 506 3621 limitibus,
529 3559 614 3624 qni
633 3558 779 3623 quasi
811 3559 1018 3607 vincula
1056 3553 1197 3608 m‘are
1230 3573 1309 3608 re·
1390 3563 1470 3606 tes
1495 3557 1757 3621 dicuntur,
1794 3559 1889 3608 ἀπὸ
1919 3561 2006 3607 τοῦ
2038 3558 2212 3623 σύρειν,
2237 3558 2455 3623 trahere,

247 3636 435 3686 tinent:
475 3643 531 3686 et
549 3636 810 3685 dissolutis
835 3635 934 3684 illis
956 3633 1307 3707 legibus,quae
1388 3634 1525 3699 qnod
1549 3649 1705 3685 naves
1726 3638 1931 3698 trahere
1956 3637 2245 3687 videantur.
2299 3635 2456 3688 Avie-

246 3727 378 3762 mare
402 3720 585 3762 vetant
613 3712 906 3777 transgredi
925 3713 1185 3768 terminos.
1387 3726 1482 3759 nus
1502 3729 1513 3760 ε
1535 3711 1551 3737 ‘
1572 3712 1704 3762 Late
1723 3713 1884 3762 trahit
1906 3728 2115 3777 aequora
2137 3712 2342 3776 Syrtis!

303 3796 392 3841 141
443 3792 632 3841 Iratum
669 3789 923 3853 fratrem]
984 3791 1307 3855 Neptunum,
1455 3793 1547 3838 145
1572 3788 2310 3854 Perustoe]1.ibyaeinterioris‚
2334 3804 2451 3853 quae

247 3869 325 3933 qui
349 3870 561 3932 ponitur
585 3884 679 3932 pro
699 3871 842 3919 mari.
1386 3868 1657 3929 perpetuis
1704 3868 1863 3918 Zonae
1907 3867 2117 3918 torridae
2162 3865 2453 3918 fervoribus

302 3951 393 3996 142
429 3946 684 4010 Pachyno]
736 3947 1011 4011 Pachynus
1054 3962 1185 3995 unus·
1224 3951 1304 3995 est
1384 3945 1635 3995 aduritur.

245 4037 301 4072 ex
321 4023 688 4088 promontoriis
703 4023 917 4084 Siciliae,
941 4024 1150 4087 respicit
1163 4022 1304 4073 Afri·
1450 4025 1545 4071 1118
1584 4022 1803 4086 Crescat]
1828 4022 1973 4072 Zona
1996 4023 2207 4085 torrida,
2230 4030 2286 4073 et
2309 4031 2449 4076 totus

246 4115 345 4149 cam
367 4117 379 4149 ε
417 4101 574 4148 hodie
602 4102 733 4162 Capo
758 4100 977 4149 Passaro.
1382 4099 1470 4147 ille
1491 4099 1734 4162 circulus,
1754 4115 1852 4164 quo
1874 4101 1963 4149 illa
1979 4101 2293 4165 continetur,
2310 4118 2452 4152 cres-

303 4181 392 4227 143
444 4175 653 4225 Laxatis
695 4174 944 4240 Syrtibus]
1002 4175 1087 4224 Ita
1118 4176 1301 4239 Syrtes
1382 4185 1491 4238 cat,
1512 4183 1567 4225 et
1589 4191 1671 4225 me
1692 4191 1898 4241 quoque
1929 4177 2217 4244 comburat,
2247 4186 2305 4230 ut
2330 4179 2449 4233 fiam

249 4251 432 4304 Africae
478 4255 742 4314 laxentur,
783 4259 839 4302 et
886 4253 1205 4316 aperiantur,
1243 4261 1300 4302 ut
1382 4255 1593 4308 sterilis.
1629 4255 1945 4321 Imprecatio
1962 4264 2061 4308 est.

244 4338 415 4396 pateat
449 4332 536 4383 via
565 4330 768 4382 facilior
806 4330 957 4380 undis
987 4331 1302 4396 erumpenti-
