2925 4928
457 364 590 432 3:20
1223 382 1338 432 cr..
1385 380 1812 433 GLAUmANl
1864 384 1943 433 x.

460 525 857 595 Retulimus.
948 525 1273 612 Nostrum
1290 531 1437 615 jam
1467 531 1664 596 sentit
1695 530 2042 595 Honorius
2068 545 2320 597 arcum.
2395 599 2402 606 .

459 629 612 695 Scis
642 630 949 711 Mariam,
978 636 1364 717 patremque
1394 633 1655 714 ducem,
1685 634 1801 718 qui
1836 632 2119 718 cuspide
2150 633 2394 701 Gallos
2628 704 2632 710 ,

457 730 853 820 Italiamque
882 733 1097 817 fovet3
1143 756 1264 800 nec
1296 742 1360 801 te
1386 739 1720 820 praeclara
1748 735 2015 802 Serenae
2536 732 2668 799 120

457 833 671 901 Fama
700 837 885 904 latet.
978 839 1297 923 Propera.
1388 836 1757 922 Regalibus
1785 858 2002 902 annue
2031 838 2231 905 votis,

453 935 502 1000 J
508 957 672 1021 unge
704 946 910 1006 torOS.
984 941 1280 1024 Gremio
1310 947 1536 1006 natum
1568 940 1895 1025 Cytherea
1923 942 2237 1007 removit:

454 1039 549 1107 Et
576 1043 791 1107 crines
818 1044 1065 1108 festina
1093 1043 1279 1128 ligat,
1312 1045 1717 1130 peplumque
1748 1045 2058 1108 fluentem

451 1141 751 1225 Allevat,
782 1152 850 1211 et
877 1146 1120 1211 blando
1149 1149 1512 1231 spirantem
1538 1148 1801 1210 numine
1831 1152 2067 1211 ceston

453 1241 773 1328 Cingitur,
800 1248 1124 1332 impulsos
1151 1249 1407 1334 pluviis
1437 1269 1573 1334 quo
1600 1249 1864 1331 mitigat
1893 1267 2142 1336 amnes,
2467 1261 2470 1264 ·
2532 1242 2667 1310 125

453 1346 610 1427 Quo
637 1371 841 1430 mare,
874 1371 1008 1435 quo
1037 1359 1293 1431 ventoS,
1325 1353 1620 1437 irataque
1651 1352 1932 1416 fulmina
1960 1352 2184 1417 solvit.

455 1528 701 1590 respondet
717 1545 733 1577 .·
785 1528 972 1593 Gaude,
1015 1544 1042 1576 o
1084 1533 1251 1577 mater.
1320 1528 1584 1592 Reportavi
1624 1526 1874 1576 victoriam
1913 1525 2191 1575 maximam.
2258 1524 2510 1574 Honorius
2548 1539 2672 1573 nunc

454 1592 600 1640 sentit
621 1593 716 1641 tela
737 1598 914 1642 nostra.
984 1595 1130 1642 Nosti
1151 1594 1364 1643 Mariam
1384 1599 1430 1643 et
1448 1599 1637 1657 patrem
1656 1593 1764 1656 ejus
1787 1595 2023 1641 ductorem
2042 1592 2399 1654 Stilichonem,
2437 1590 2519 1653 qui
2540 1591 2671 1652 regit

455 1656 593 1705 hasta
617 1672 708 1706 sua
728 1658 926 1707 'Italiam
944 1663 994 1707 et
1019 1660 1215 1708 Gallos.-
1257 1675 1404 1723 neque
1429 1659 1571 1718 fama
1592 1657 1804 1706 illustris·
1819 1656 2010 1705 Serenoe
2030 1656 2276 1719 incognita
2297 1661 2382 1705 est.
2449 1656 2673 1717 Festina,

440 1721 562 1779 save
582 1723 760 1787 nuptiis
782 1724 1127 1787 Imperatoriis.
1197 1724 1444 1787 conjunge
1481 1725 1657 1772 horum
1701 1724 1945 1771 thalamos.
2021 1722 2180 1772 Venus
2216 1720 2389 1785 repulit
2411 1720 2583 1786 fllium
2604 1734 2670 1772 ex

453 1786 562 1836 sinu
585 1802 693 1847 sue,
731 1795 787 1837 et
816 1795 1005 1853 promta
1043 1790 1218 1851 religat
1253 1805 1449 1851 comam,
1485 1794 1531 1838 et
1554 1788 1734 1837 attollit
1755 1793 1927 1836 vestem
1963 1788 2212 1850 laxiorem,
2247 1791 2388 1849 atque
2408 1786 2674 1835 circumdat

451 1851 544 1900 sibi
564 1853 803 1915 cingulum
824 1869 1082 1917 respersam
1102 1855 1259 1904 odore
1284 1855 1432 1903 Dicae
1453 1854 1689 1916 amabilis,
1718 1869 1806 1917 quo
1829 1852 1910 1900 ein
1950 1852 2035 1901 ulo
2057 1855 2287 1915 temperat
2298 1851 2474 1914 flat-ios
2489 1849 2682 1899 tumen?

453 1920 525 1966 tes
556 1917 800 1984 imbribus,
836 1935 923 1985 quo
938 1922 1099 1984 placat
1122 1935 1267 1985 mare,
1301 1936 1389 1984 quo
1408 1924 1587 1984 ventos,
1623 1925 1671 1968 et
1681 1919 1893 1980 fulmina
1904 1867 2141 1977 furentia.
2206 1918 2461 1979 Postquam
2484 1917 2669 1966 Venus

1374 2052 1401 2070 O
1409 2052 1611 2070 ‘OOOOO‘
1618 2052 1641 2070 Ι
1648 2051 1670 2069 0
1677 2050 1733 2070 Ν

455 2123 801 2181 HeinS.'——118
836 2132 1115 2180 Detulimas
1153 2130 1301 2180 Leid.
1343 2145 1421 2192 pr.
1460 2131 1738 2179 Detulimus
1772 2131 1857 2179 vel
1897 2130 2166 2179 Retulimus
2202 2129 2333 2191 Reg.
2375 2127 2549 2178 Oxon.
2587 2139 2667 2190 pr.

454 2197 598 2244 sentit
619 2197 740 2245 Vat.
765 2211 868 2246 sec.
892 2197 1004 2245 Pal.
1028 2196 1170 2245 Med.
1210 2210 1288 2259 pr.
1311 2196 1511 2244 Thuan.
1549 2196 1671 2245 Jun.
1708 2202 1761 2245 et
1799 2195 1968 2245 Okon.
2002 2211 2080 2258 pr.
2119 2195 2316 2257 sumpsit
2339 2194 2536 2242 Moret.
2561 2199 2664 2243 sec.

453 2262 598 2309 sensit
619 2261 763 2310 Leid'.
786 2261 905 2310 edd.
931 2262 1101 2311 Vivet.
1124 2262 1297 2310 Parin.
1327 2261 1360 2310 J
1367 2268 1474 2308 unt.
1506 2259 1620 2308 Ald.
1646 2262 1813 2309 Colin.
1837 2260 2026 2323 Isingr.
2047 2260 2412 2324 Gryph.-—ll9
2448 2258 2537 2306 Cis
2560 2259 2669 2307 Μα-

453 2325 578 2374 riam
599 2326 722 2375 Var.
747 2327 850 2375 LL.
874 2326 955 2375 ed.
993 2325 1150 2375 Antv.
1183 2331 1457 2388 patremque
1481 2326 1609 2373 Exc.
1632 2326 1849 2374 Luceus.
1881 2341 1964 2388 ρι’.
1992 2325 2292 2387 fratremque
2316 2324 2396 2372 ed.
2421 2323 2667 2372 vicet.—

450 2395 547 2441 120
566 2390 1015 2453 Italiamquesocet,
1035 2392 1288 2454 regalibus,
1310 2389 1765 2454 intermediis'silliffi
1787 2406 1870 2438 uec
1892 2395 2226 2455 ἐφηρνοριεναλ
2241 2389 2450 2437 omissis.
2468 2389 2666 2438 Moret.

452 2459 695 2520 pra—121
735 2457 909 2506 Forma
930 2456 1060 2520 conj.
1083 2455 1425 2506 Bura—1⁸22
1457 2456 1622 2518 «Iunge
1643 2456 1831 2504 thorum
1854 2456 1973 2506 Vat.
2006 2456 2173 2507 Livin.
2210 2456 2354 2505 Pric.
2387 2455 2524 2504 thoro
2551 2455 2665 2504 Mo-

453 2529 552 2572 ret.
580 2537 655 2584 pr.
697 2525 858 2571 choros
898 2523 1046 2572 Rott.
1071 2523 1201 2587 Reg.
1237 2523 1432 2571 Thuan.
1474 2521 1577 2569 duo
1616 2520 1796 2571 Ambr.
1838 2522 2011 2572 Oxou.
2052 2537 2130 2585 pr.
2169 2523 2298 2570 Lov.
2339 2520 2454 2569 cod.
2479 2520 2686 2583 Epigr.·
2765 2545 2772 2551 ·

451 2586 633 2636 Ambr.
656 2589 783 2637 Exc.
803 2589 1016 2638 Gevart.
1035 2588 1161 2638 Var.
1180 2589 1285 2636 LL.
1308 2604 1336 2636 e
1360 2602 1523 2650 marg.
1540 2588 1716 2636 Parm.
1739 2587 1823 2637 ed.
1843 2588 2016 2637 Vicet.
2041 2589 2227 2635 thorum
2250 2587 2333 2634 vel
2352 2587 2515 2634 choros
2546 2585 2667 2635 Vat.

450 2667 533 2715 pr.
557 2653 717 2701 chm'os
738 2653 818 2701 vel
843 2654 1001 2702 thoros
1020 2653 1140 2702 Pat.
1164 2654 1359 2702 Tbuan.
1375 2654 1508 2702 Fut.
1532 2653 1716 2701 Petav.
1759 2667 1864 2701 sec.
1897 2652 2081 2713 gremio
2101 2657 2265 2701 natum
2302 2652 2537 2700 Florent.
2562 2650 2666 2699 duo

450 2718 594 2768 Med.
618 2720 748 2782 Reg.
771 2720 967 2767 Thuan.
990 2719 1023 2768 J
1031 2734 1112 2766 un.
1136 2720 1225 2782 pr.
1243 2719 1413 2766 Oxon.
1431 2733 1514 2781 pr.
1537 2719 1659 2766 Vat.
1683 2717 1846 2766 Livin.
1871 2719 1998 2767 Exc.
2021 2719 2236 2784 Lucens.
2263 2731 2341 2780 pr.
2364 2720 2533 2764 natam
2554 2731 2667 2777 gre-

447 2785 542 2832 mio
568 2785 716 2833 Rott.
739 2786 868 2833 Exc.
893 2785 1044 2833 Laeti.
1066 2783 1261 2832 removit
1277 2791 1384 2833 tres
1402 2785 1549 2832 Vatt.
1571 2782 1715 2831 Med.
1736 2790 1902 2847 quart.
1921 2783 2038 2831 Pat.
2055 2782 2227 2841 refovit
2251 2782 2469 2845 triginta
2491 2780 2665 2830 Codd.

449 2849 578 2897 Exc.
602 2850 797 2899 Schott.
823 2849 1041 2898 Gevart.
1061 2850 1279 2898 LucenS.
1301 2864 1382 2911 pr.
1403 2848 1594 2897 Sched.
1620 2847 1758 2896 Gud.
1784 2847 1865 2896 ed.
1884 2848 2058 2896 Parin.
2082 2856 2138 2896 et
2158 2848 2328 2895 Vicet.
2352 2847 2557 2895 removit
2582 2846 2664 2895 vel

448 2912 624 2971 refovit
646 2915 765 2962 Vat.
790 2929 895 2963 sec.
920 2916 1147 2963 Florent.
1184 2914 1330 2963 Med.
1353 2929 1458 2963 sec.
1485 2913 1726 2989 Heiqsius
1763 2914 2091 2976 ascripserat.
2124 2913 2332 2973 refovere
2370 2927 2464 2974 pro
2490 2910 2662 2970 fovere

446 2978 706 3041 Spartian.
732 2995 785 3042 p.
808 2984 854 3028 5.
878 2979 912 3027 Ι.
937 2982 983 3027 8.
1016 2984 1030 3007 ‘
1056 2979 1271 3041 Equites
1296 2980 1574 3040 Romanos,
1599 2980 1659 3026 ac'
1674 2978 1947 3028 libertinos
1965 2979 2224 3044 visitavit,
2239 2978 2430 3026 solatiis
2450 2975 2665 3037 refovit,

446 3043 673 3092 consiliis
699 3044 1177 3093 sublevavit.'—l23
1195 3044 1379 3102 festiva
1401 3042 1583 3092 Ambr.
1609 3058 1689 3106 pr.
1707 3045 1978 3106 plerumque
1999 3043 2147 3092 Med.
2170 3058 2272 3092 sec.
2299 3057 2366 3090 m.
2392 3056 2471 3105 pr.
2478 3041 2666 3102 fluenti

447 3108 572 3169 Vat.
597 3124 702 3158 sec.
726 3125 794 3157 m.
819 3113 1061 3172 ρι’.-124
1094 3109 1294 3157 Ablevat
1331 3109 1520 3157 Petav.
1558 3122 1662 3156 sec.
1697 3108 1899 3157 Adlebat
1937 3110 2065 3158 Exc.
2088 3109 2307 3158 Lucens.
2341 3121 2443 3156 sec.
2467 3106 2663 3155 Allevat

448 3173 534 3221 vel
562 3174 758 3235 Colligit
780 3176 910 3236 Reg.
939 3173 1108 3222 Oxou.
1132 3188 1210 3237 pr.
1232 3175 1420 3224 Allevat
1443 3175 1527 3221 vel
1545 3173 1731 3222 Allidat
1753 3175 1937 3223 Petav.
1955 3188 2031 3236 pr.
2055 3174 2211 3222 nivere
2230 3188 2323 3235 pro
2344 3171 2534 3220 numine
2556 3172 2663 3221 inc.

450 3239 635 3288 Heius.
657 3245 826 3288 restem
852 3239 1176 3288 Oisel.—l25
1207 3239 1385 3301 pluviis
1424 3239 1567 3287 Med.
1607 3244 1777 3302 quart.
1815 3238 1912 3287 inc.
1956 3238 2140 3286 Heius·
2175 3239 2302 3286 Exc.
2325 3238 2551 3285 Lucens.
2617 3250 2660 3285 r.

452 3303 537 3354 ed.
562 3304 920 3368 Vicet.fluriis
941 3304 1193 3354 tredecim
1215 3304 1418 3368 scripti.
1449 3303 1629 3368 pluviis
1662 3305 1746 3352 vel
1773 3303 1947 3368 fluviis
1980 3304 2104 3355 Jun.
2130 3317 2209 3366 pr.
2235 3303 2532 3351 Low—126
2590 3301 2660 3350 ul-

1434 3427 1658 3478 NOTAE

514 3531 609 3577 119
644 3526 872 3591 Cuspide]
906 3525 1094 3591 Hasta,
1111 3527 1346 3592 potentia
1370 3543 1385 3589 ;
1410 3542 1512 3577 non
1592 3526 1749 3590 vulgo
1776 3526 1972 3589 Cerigo,
2006 3505 2363 3574 insula'maris
2400 3521 2659 3576 Mediter-

449 3604 585 3653 enim
610 3604 827 3654 Stilicho
851 3611 931 3655 est
956 3605 1269 3669 Imperator,
1301 3604 1392 3654 sed
1412 3605 1513 3653 Im·
1588 3604 1750 3667 ranei,
1775 3603 1825 3652 in
1851 3619 1951 3668 qua
1973 3602 2257 3652 colebatur.

445 3682 702 3745 perator-is
727 3681 862 3731 vices
883 3682 1006 3732 obit.
1656 3684 1749 3729 123
1783 3679 2004 3744 Peplum]
2040 3680 2232 3745 Peplus
2256 3683 2338 3729 est
2367 3677 2531 3727 vestis
2565 3675 2660 3726 foe-

518 3757 698 3821 Gallos,
719 3758 939 3821 Italiam]
984 3759 1200 3809 Stilicho
1225 3758 1507 3823 praefectus
1585 3757 1774 3822 minea,
1794 3759 1971 3808 laxior.
2509 3750 2511 3753 ⁵

446 3840 561 3882 erat
576 3833 876 3898 Occidenti,
891 3835 979 3884 sed
993 3836 1201 3885 Italiam
1218 3837 1507 3901 praesertim
1656 3839 1748 3883 124
1787 3835 1981 3898 Ceston]
2016 3835 2219 3897 Cestus,
2251 3831 2420 3883 κεστὺς
2453 3831 2547 3882 ἀπὸ
2567 3833 2657 3882 τοῦ

441 3910 778 3976 Galliamque
801 3912 1052 3973 nominat,
1090 3914 1210 3977 quia
1232 3914 1431 3963 dulcius
1453 3915 1507 3963 id
1589 3916 1769 3962 κεντεῖν
1786 3929 2015 3977 pungere,
2038 3921 2118 3963 est
2140 3915 2401 3976 cingulum
2422 3927 2520 3961 acu
2543 3911 2656 3976 pic-

445 3987 735 4052 stilichoni,
770 3990 858 4054 qui
881 4004 969 4039 eos
995 4004 1022 4038 a
1052 3991 1300 4040 Barbaris
1322 3992 1507 4041 libera·
1589 3997 1700 4040 tum
1719 4007 1817 4057 qno
1841 3992 2083 4040 utebatur
2102 3993 2301 4052 Venus,
2338 3995 2393 4038 et
2417 4003 2518 4053 quo
2542 3989 2655 4052 pla·

446 4069 612 4114 verat.
1590 4085 1712 4119 care
1733 4070 2006 4120 dicebatur
2030 4067 2230 4131 fluvios,
2253 4082 2412 4130 mare,
2434 4071 2533 4117 &c.
2609 4124 2612 4129 ¹

513 4145 609 4190 120
642 4141 853 4206 Serenae]
887 4143 1021 4193 Haec
1047 4159 1177 4194 uxor
1191 4145 1508 4211 Stilichonis,
1654 4150 1746 4195 125
1783 4147 2013 4210 Impulsos
2043 4144 2222 4210 pluviis
2255 4142 2439 4207 amnes]
2471 4142 2533 4193 Id
2569 4146 2652 4217 es!

444 4219 736 4284 Mariaeque
758 4226 938 4270 mater.
1587 4227 1861 4275 torrentes.

515 4299 610 4347 122
648 4295 905 4360 Cytherea]
957 4296 1132 4348 Venus
1177 4312 1208 4348 a
1253 4298 1507 4368 Cytheris,
