2925 4928
972 412 1073 461 11⁴1·
1103 412 1455 463 nummum
1501 404 1668 462 ‘AB'
1699 412 1785 463 ΙΙ.

278 556 544 623 Evitare
571 557 815 636 minas,
846 558 919 622 in
944 562 1239 624 nostrum
1260 558 1502 623 Gallia·
1523 558 1781 623 caedem
1811 613 1816 617 .

279 660 645 746 Conjur’ata
674 664 876 726 venit.
966 661 1306 747 Quicquid
1332 663 1498 745 ligat
1521 663 1761 728 ultima
1785 663 2064 749 Tethye,

279 764 635 829 Extremos
663 766 837 829 ultra
865 766 1099 829 volitat
1122 784 1285 847 gens
1313 766 1374 828 si
1401 785 1536 848 qua
1565 765 1946 844 Britannos,

281 864 468 933 Mota
496 870 683 934 mihi.
773 867 1011 934 Tantis
1040 870 1352 954 capiendi
1378 870 1707 934 credimur
1733 870 1934 935 annis
1953 872 1984 934 ‘l

276 970 410 1035 Φοί
436 972 650 1054 signis
668 992 875 1037 unum·
892 973 1133 1057 petitur
1163 974 1420 1056 caput?
1468 973 1649 1036 unde
1676 975 1934 1038 cruoris·

280 1072 427 1138 Ista
454 1075 609 1139 sitis
632 1076 667 1139 't
708 1076 1037 1160 geminum
1068 1076 1224 1140 coeli
1252 1077 1387 1141 sibi
1417 1077 1721 1141 vindicat
1741 1095 1967 1156 axem,

282 1176 374 1241 Et
399 1178 653 1243 nullum
682 1178 820 1244 vult
841 1197 996 1243 esse
1025 1198 1293 1262 parem:
1335 1181 1765 1245 succumbere
1791 1184 2018 1265 poscit

284 1278 538 1348 Cuncta
564 1282 737 1346 sibi:
780 1283 945 1364 regit
974 1282 1261 1362 Italiam,
1295 1282 1686 1367 Libyenque
1709 1283 1999 1350 cosscet:
2335 1306 2338 1309 ’
2421 1336 2428 1341 .

280 1381 608 1468 Hispanis
638 1383 985 1468 Gallisque
1002 1385 1229 1469 jubet:
1273 1404 1408 1448 non
1436 1386 1654 1450 orbita
1681 1386 1884 1464 Solis,
2349 1390 2480 1457 155

281 1548 455 1600 chunis.
515 1552 682 1602 Gallia
700 1554 972 1617 conspirans
995 1555 1046 1603 in
1069 1557 1248 1604 cladem
1264 1559 1478 1604 nostram
1499 1558 1719 1617 properat
1733 1571 1749 1602 .-
1781 1554 1831 1612 id
1854 1568 2004 1617 omne,
2027 1556 2147 1619 quod
2168 1570 2296 1606 mare
2330 1563 2492 1608 extm-

283 1630 409 1664 mum
438 1619 744 1680 constringit,
765 1619 902 1682 siqua
917 1623 1049 1669 natio
1069 1626 1276 1682 vagatur
1297 1625 1433 1669 trans
1456 1619 1719 1668 Britannos
1740 1618 1947 1681 ultimos,
1970 1621 2182 1669 excitata
2201 1628 2283 1670 est
2308 1630 2495 1673 contra

284 1695 371 1730 me.
441 1682 553 1732 Nos
584 1686 822 1732 tradimur
843 1686 1255 1748 comprehendendi
1277 1686 1426 1735 tantis
1446 1682 1776 1734 exercitibus?
1814 1685 1949 1734 Unus
1979 1687 2110 1734 homo
2146 1687 2392 1735 lacessitur
2420 1693 2494 1738 tot

282 1743 510 1797 vean‘llisss?
551 1749 686 1797 Unde
715 1749 812 1798 ista
845 1754 988 1800 venit
1019 1751 1254 1814 cupiditas
1284 1749 1568 1813 sanguinis?
1601 1750 1814 1799 Stilicho
1837 1750 2006 1799 tribuit
2029 1751 2119 1799 sibi
2146 1751 2321 1800 Orbem
2339 1754 2494 1816 dupli-

282 1825 398 1873 cem,
420 1816 467 1860 et
497 1813 727 1862 neminem
759 1815 947 1878 patitur
968 1831 1064 1864 esse
1091 1828 1258 1878 parem
1283 1817 1402 1864 sibi.
1471 1815 1608 1864 Petit
1624 1816 1781 1864 omnia
1800 1815 1968 1876 subjici
1984 1816 2076 1864 sibi
2090 1833 2106 1865 .·
2134 1817 2370 1878 gubernat
2391 1819 2494 1867 Ita-

281 1874 414 1941 liam,
434 1882 481 1926 et
503 1878 724 1943 reprimit
754 1880 985 1946 Libyam.-
1016 1881 1220 1945 imperat
1245 1882 1497 1946 Hispanis,
1515 1885 1563 1930 et
1589 1880 1765 1931 Gallis.
1831 1882 1945 1930 Non
1959 1882 2039 1931 via
2061 1882 2187 1931 Solis
2205 1883 2497 1933 circumscri-

1214 2023 1571 2043 OOOOOOOOOOOO

284 2125 534 2176 Stiliconis
553 2125 688 2176 Vnt.»
703 2131 970 2177 sem—14⁷
1003 2128 1199 2178 evasisse
1221 2127 1420 2178 Incert.
1443 2125 1628 2191 Heius.
1662 2126 1815 2175 minas
1835 2124 1959 2175 Vat.
1987 2139 2068 2189 pr.
2090 2131 2198 2176 vet.
2222 2125 2354 2190 Gyr.
2370 2127 2497 2178 Vnt.

284 2192 454 2241 Livin.
477 2193 611 2241 Exc.
636 2193 854 2242 Lucens.
872 2207 976 2242 sec.
1008 2208 1174 2242 manus
1198 2200 1303 2243 tres
1324 2193 1443 2241 Vat.
1461 2192 1575 2242 Pal.
1600 2192 1755 2240 Farn.
1781 2192 2094 2241 Rutu—148
2116 2191 2239 2240 rodit
2266 2193 2347 2241 vel
2368 2195 2502 2243 venit

286 2256 412 2323 Pet.
467 2258 604 2319 rigat
628 2258 748 2306 Vat.
772 2272 856 2322 pr.
879 2265 935 2308 et
957 2259 1075 2308 Vat.
1102 2259 1266 2308 Livia.
1291 2259 1365 2307 ita
1387 2258 1611 2308 Gesner.
1659 2256 1778 2319 legit
1812 2257 2000 2305 Petav.
2031 2261 2298 2307 sem—149
2328 2258 2500 2309 volitat

281 2336 400 2383 gens
418 2323 553 2371 ultra
568 2322 781 2373 TholoS.
803 2322 905 2372 duo
926 2324 1216 2373 Van—150
1251 2325 1385 2374 Nota
1424 2321 1547 2372 Ald.
1581 2320 1730 2372 Junt.
1754 2320 1922 2371 Colin.
1980 2321 2099 2370 Vota
2117 2322 2326 2372 Tholos.
2380 2324 2500 2373 tatis

285 2387 405 2438 Pat.
439 2387 594 2436 tantis
615 2389 798 2437 Petav.
823 2395 947 2439 tert.
973 2386 1153 2437 Ambr.
1174 2404 1252 2452 pr.
1287 2389 1425 2450 digni
1444 2387 1635 2436 Petav.
1662 2402 1741 2451 pr.
1772 2401 1803 2434 a
1825 2402 1894 2438 m.
1922 2402 2027 2436 sec.
2051 2386 2173 2436 Ald.
2205 2386 2367 2450 dignis
2380 2388 2499 2440 Pal.

284 2452 435 2518 Rott.
458 2454 593 2517 Reg'.
615 2452 814 2503 Thuan.
837 2454 1038 2504 Bonon.
1055 2454 1264 2505 Tholos.
1291 2455 1416 2504 Lov.
1442 2459 1498 2503 et
1515 2453 1705 2502 Petav.
1728 2468 1834 2502 sec.
1857 2468 1888 2502 a
1908 2468 1977 2501 m.
2002 2468 2082 2517 pr.
2104 2451 2206 2502 duo
2226 2453 2373 2504 Med.
2397 2453 2501 2505 duo

289 2517 469 2568 Ambr.
495 2518 716 2568 totidem
751 2519 936 2570 Heins.
969 2520 1094 2570 Var.
1132 2521 1238 2570 LL.
1272 2519 1355 2569 ed.
1391 2519 1552 2569 Antv.
1608 2520 1759 2568 tantis
1780 2519 1862 2567 vel
1885 2518 2047 2580 dignis
2069 2517 2219 2567 Rott.
2246 2534 2275 2567 a
2299 2535 2367 2569 m.
2390 2534 2500 2569 sec.

289 2582 465 2634 Oxon.
508 2598 588 2646 pr.
626 2581 772 2633 Leid.
813 2598 890 2648 pr.
927 2586 1056 2635 Exc.
1097 2586 1247 2635 Laeti.
1295 2585 1434 2647 digni
1453 2584 1697 2649 capiendis
1719 2584 1802 2632 vel
1823 2587 1973 2633 tantis
1992 2583 2206 2647 capiendi
2227 2583 2357 2633 Exc.
2377 2583 2500 2635 Pat.

284 2652 391 2699 rec.
417 2647 668 2698 Heinsius
710 2657 854 2699 recte
890 2657 1185 2713 notaverat,
1216 2649 1275 2698 τὸ
1308 2650 1471 2711 dignis
1500 2656 1675 2698 natum
1710 2663 1819 2698 esse
1839 2663 1922 2710 hex
1943 2663 2072 2697 voce
2101 2648 2255 2710 signis
2276 2650 2326 2697 in
2352 2663 2503 2699 versu

286 2721 390 2779 seq.
422 2715 661 2763 credimur
683 2714 809 2765 Fut.
831 2715 1020 2765 Petav.
1047 2731 1126 2779 pr.
1161 2715 1396 2765 tradimur
1421 2716 1502 2763 vel
1520 2715 1754 2763 credimur
1779 2713 1911 2777 Reg.
1938 2713 2110 2763 Oxou.
2133 2719 2374 2775 pr.—1⁵l
2398 2730 2504 2763 nos-

286 2777 415 2829 trum
437 2779 636 2829 Thuan.
678 2780 889 2846 petimur
911 2780 1090 2831 Ambr.
1113 2785 1358 2857 pru—152
1398 2780 1554 2830 Tanta
1588 2779 1699 2828 sitis
1719 2778 1851 2828 Pric.
1901 2778 2070 2828 Stilico
2099 2777 2243 2827 Med.
2276 2794 2379 2829 sec.
2418 2779 2505 2829 ed.

287 2842 469 2911 Rarm.
504 2844 710 2894 Stilicon
732 2845 825 2894 sibi
846 2846 976 2896 Exc.
1003 2847 1152 2895 Laen.
1187 2846 1290 2895 coeli
1310 2843 1402 2894 sibi
1425 2846 1547 2895 Vat.
1562 2860 1668 2893 sec.
1690 2844 1843 2893 Farn.
1864 2845 1989 2895 Lov,
2009 2845 2205 2893 Moret.
2229 2859 2334 2894 sec.
2352 2844 2502 2895 Leid.

292 2924 371 2973 pr.
395 2910 499 2959 duo
525 2911 700 2961 Oxon.
724 2911 853 2961 Exc.
886 2911 1017 2961 Cod.
1040 2912 1222 2961 Rhem.
1247 2918 1300 2959 et
1326 2910 1544 2961 Gevart.
1576 2909 1703 2959 Ver.
1727 2910 1831 2959 LL.
1857 2910 1941 2959 ed.
1966 2909 2127 2959 Antv.
2152 2914 2207 2958 et
2238 2909 2358 2960 And.
2424 2912 2507 2960 sed

292 2974 393 3023 coeli
414 2975 524 3037 jam
545 2975 718 3025 Vicet.
744 2982 799 3025 et
822 2991 983 3039 marg.
1007 2975 1196 3040 Isingr.
1249 2975 1466 3025 vendicat
1490 2974 1640 3025 ambo
1672 2975 2030 3025 Moret.—l53
2064 2974 2212 3036 poscit
2248 2975 2331 3024 vel
2354 2976 2506 3025 credit

293 3038 439 3089 Rott.
482 3040 629 3105 [NB.
668 3040 818 3100 deest
854 3041 936 3091 hic
968 3056 1154 3100 „versus
1196 3041 1248 3089 in
1286 3040 1460 3090 Vicet.
1502 3039 1938 3103 editione.]—l54
1971 3039 2259 3105 Libyamque
2284 3048 2505 3106 quatuor

274 3104 413 3170 {Van
437 3105 558 3156 Pal.
585 3106 737 3164 Farn,
759 3106 904 3157 Prie.
929 3108 1058 3156 Exc.
1076 3107 1230 3156 Laeti.
1284 3106 1571 3170 Libyemque
1607 3106 1774 3157 Oisel.
1800 3107 1994 3155 Μαῖαν.
2022 3105 2170 3155 Leid.
2208 3120 2289 3169 pr.
2324 3104 2501 3157 Oxon.

297 3185 375 3234 pr.
415 3179 472 3222 et
510 3170 696 3223 Ambr.
736 3171 864 3222 Lov.
893 3171 1084 3223 Petav.
1117 3186 1223 3222 sec.
1241 3171 1366 3222 Var.
1403 3172 1511 3221 LL.
1552 3172 1636 3222 ed.
1658 3171 1820 3221 Antv.
1876 3171 2149 3235 Libyenque
2170 3170 2352 3222 Ambr.
2377 3178 2501 3222 tert.

1291 3282 1515 3335 NOTAE

363 3407 457 3453 148
489 3402 673 3467 Ligat]
704 3402 1023 3465 Constringit
1041 3401 1226 3465 glacie.
1262 3398 1369 3448 Alii

300 3480 494 3543 legunt,
516 3479 672 3542 rigat,
692 3493 791 3527 nec
810 3478 961 3528 male.

364 3554 565 3621 Tethys]
631 3556 726 3604 Est
767 3555 978 3619 Tethys,
1022 3555 1273 3621 Tethyos,
1314 3560 1371 3605 et

304 3633 493 3694 Thetis,
527 3632 805 3682 Thetidbs:
847 3633 962 3683 haec
1007 3634 1234 3697 nympha
1269 3648 1372 3682 ma·

298 3710 411 3759 rina
428 3717 601 3759 mater
616 3708 837 3759 Achiuis
857 3724 874 3769 ς
904 3709 995 3759 ina
1021 3716 1185 3759 mater
1207 3710 1370 3774 Nym·

306 3786 522 3848 pharum
545 3785 725 3845 maris,
762 3798 855 3834 seu
889 3785 1199 3835 Nereidumt
1254 3784 1368 3836 ⁴Hic

311 3863 525 3912 sumitur
542 3876 638 3926 pro
655 3862 808 3911 mari.

301 3962 309 3978 =
372 3943 470 3991 149
507 3939 716 4003 Volitut]
764 3941 1033 4004 Vagatnr3
1085 3940 1270 3989 alludit
1305 3939 1369 3989 ad

312 4017 675 4067 Britannorum¹
707 4017 870 4067 vitam
893 4030 1074 4083 vagam
1102 4023 1159 4067 et
1189 4016 1371 4067 errati-

313 4107 439 4144 cnm.

375 4175 469 4219 150
488 4170 646 4220 ’Ποία
660 4169 807 4233 mihi]
841 4161 960 4221 Hoc
978 4177 1078 4233 est,
1097 4176 1260 4221 contra
1280 4185 1371 4220 me.

318 4248 453 4301 ‘Alius
472 4249 757 4315 significat,
770 4266 859 4315 pro
881 4267 970 4302 me.
1022 4252 1124 4316 Ut,·
1139 4252 1230 4301 tibi
1247 4250 1373 4303 mili-

316 4331 385 4377 tat
403 4327 574 4393 ether,
595 4326 653 4377 id
675 4333 778 4392 est,
793 4342 884 4393 pro
903 4333 970 4379 te.

1514 3403 1610 3449 152
1641 3397 1819 3461 Axem]
1853 3398 1983 3448 Axis
2006 3397 2233 3462 pertinet
2249 3397 2314 3445 ud
2337 3404 2506 3448 rotasz

1450 3474 1761 3525 transfertur
1804 3476 1868 3525 ad
1906 3476 2067 3539 polos,
2102 3475 2284 3540 quibus
2319 3474 2507 3525 coelum

1448 3553 1587 3603 verti
1607 3552 1828 3602 dicitur:
1865 3553 1964 3601 imo
1982 3558 2039 3600 et
2064 3553 2271 3614 ponitur
2304 3565 2399 3615 pro
2429 3559 2523 3601 or··

1450 3629 1516 3678 be
1540 3635 1595 3678 et
1616 3627 1860 3691 regione:
1885 3629 1967 3677 hic
1986 3628 2203 3689 geminus
2223 3630 2331 3677 axis
2351 3627 2518 3693 signi--

1449 3705 1575 3754 ficut
1591 3712 1869 3769 utrumque
1891 3705 2087 3764 orbem,
2122 3713 2398 3771 utrumque
2409 3706 2513 3756 Im·

1449 3782 1651 3847 perium
1676 3783 1910 3832 Orientis
1932 3790 1986 3832 et
2009 3783 2339 3833 Occidentis.
2453 3829 2458 3830 γ

1516 3864 1608 3908 155
1652 3859 1894 3923 Gallisque
1912 3860 2075 3927 jubet]
2106 3861 2264 3926 Apud
2300 3861 2512 3912 Cicero·

1450 3952 1570 3987 nem
1580 3945 1635 3989 et
1647 3938 1772 3987 alios
1791 3940 1899 4002 ejus
1918 3940 2092 3989 saeculi
2110 3945 2348 3988 auctores
2360 3937 2513 3987 Jubeo

1451 4032 1554 4066 non
1588 4017 1829 4081 jungitur
1876 4032 1994 4066 cum
2036 4017 2213 4066 dativo
2257 4014 2347 4065 sed
2394 4029 2512 4065 cum

1452 4095 1747 4144 accusativo
1782 4103 1837 4143 et
1876 4094 2162 4154 infinitiv03
2204 4100 2279 4154 nt,
2315 4094 2332 4121 ‘
2346 4090 2512 4157 jubeo

1452 4180 1507 4220 te
1528 4173 1679 4221 benc⁴
1698 4177 1943 4235 sperare,’
1975 4174 2079 4220 ὅτε.
2144 4169 2339 4220 Contra
2357 4168 2513 4228 Clau·

1453 4249 1635 4310 dianus
1660 4249 1713 4298 in
1735 4247 1833 4296 hoc
1854 4247 1991 4308 loco,
2028 4253 2084 4296 et
2119 4244 2388 4295 Cornelius
2409 4243 2512 4293 Tu·

1452 4326 1588 4376 citus
1628 4326 1767 4377 Anu.
1804 4323 1896 4375 lib.
1928 4335 2057 4373 vm.
2098 4320 2115 4348 ‘
2138 4321 2324 4388 quibus
2346 4320 2516 4386 jusse-
