2925 4928
417 384 551 453 186
1159 394 1281 450 eL.
1329 398 1755 449 obsonum
1810 401 1881 452 v.
1915 440 1919 444 Α

417 545 736 611 Terribili
761 546 974 623 lucro,
1003 547 1331 630 vivosque
1359 542 1624 611 imitata
1651 549 1939 610 retentus

420 648 701 732 Cogitur
731 649 1045 713 adductis
1077 648 1321 731 digitos
1351 649 1681 712 inflectere
1712 648 1980 711 nervis(

505 753 789 817 Desinat
817 753 1019 816 elatis
1046 753 1409 836 quisquam
1439 749 1772 816 confidere
1800 750 2025 825 rebuS‚
2501 747 2636 813 440

420 840 914 938 Instabilesque
944 855 1151 932 Deos,
1184 873 1264 919 ac
1297 855 1557 918 lubrica
1587 853 1889 918 Numina
1918 853 2159 917 discat.

419 956 550 1022 Illa
574 977 839 1035 manus,
870 977 1021 1040 quae
1054 961 1317 1039 sceptra
1346 955 1475 1019 sibi
1507 955 1828 1038 gestanda
1855 957 2159 1039 parabat,
2187 971 2196 981 ”

419 1058 634 1144 Cujus
666 1079 739 1123 se
769 1062 967 1125 toties
996 1060 1306 1141 submisit
1336 1060 1423 1123 ad
1452 1060 1684 1124 oscula
1714 1060 2008 1143 supplex

419 1162 790 1241 Nobilitas,
818 1164 1156 1227 inhumata
1183 1163 1322 1240 diu,
1354 1163 1726 1245 miseroque
1755 1156 2016 1227 revulsa

418 1266 735 1349 Corpore,
764 1266 1030 1330 feralem
1061 1272 1391 1349 quaestum
1419 1271 1578 1350 post
1605 1267 1744 1330 sata
1771 1266 2109 1350 poposcit.
2499 1263 2662 1328 445·

418 1367 755 1451 Aspiciat‚
785 1369 1088 1452 quisquis
1116 1370 1393 1433 nimium
1426 1370 1694 1434 sublata
1722 1369 2034 1433 secundis

417 1468 613 1536 Colla
639 1473 824 1554 gerit.
912 1471 1162 1536 Triviis
1193 1473 1559 1537 calcandus
1588 1473 1923 1556 spargitur
1950 1490 2131 1548 ecce,

416 1653 544 1702 dolos
565 1653 737 1702 mentis
756 1653 1062 1714 insatiabilis,
1084 1659 1225 1718 atque
1245 1654 1440 1704 imitans
1478 1670 1629 1704 nexus
1660 1653 1805 1712 vivos,
1828 1653 2013 1716 cogitur
2041 1666 2236 1702 curvare
2255 1651 2452 1714 digitos,
2474 1651 2636 1700 uersis

418 1718 660 1768 attractis.
728 1719 825 1768 lue
848 1725 990 1768 cesset
1001 1720 1158 1783 fidere
1178 1720 1363 1782 magnis
1383 1720 1719 1784 dignitatibus,
1741 1721 2011 1783 quicumque
2032 1720 2120 1781 sit,
2152 1723 2200 1767 et
2228 1718 2348 1766 sciat
2371 1718 2501 1766 Deos
2518 1731 2634 1766 esse

415 1782 751 1844 inconstantes,
773 1800 829 1833 ac
859 1787 1144 1834 voluntatem
1165 1800 1340 1835 eorum
1364 1787 1649 1836 mutabilem.
1718 1787 1895 1834 Manus
1928 1785 2013 1833 illa
2045 1799 2150 1847 quae
2185 1782 2483 1845 proeparabat
2504 1797 2634 1845 scep-

417 1853 548 1897 trum
567 1849 657 1896 sibi
689 1852 963 1910 gerendum,
981 1853 1044 1898 ad
1065 1866 1203 1914 quam
1225 1853 1517 1900 osculandam
1552 1851 1773 1899 nobilitas
1810 1850 2000 1900 humilis
2032 1864 2083 1898 se
2117 1850 2259 1897 toties
2288 1846 2500 1909 subiecit,
2534 1846 2635 1896 lou-

415 1927 535 1973 gum
557 1914 789 1976 insepulta
807 1919 855 1964 et
876 1917 1036 1963 avulsa
1059 1931 1091 1964 a
1112 1931 1301 1977 corpore
1322 1916 1585 1965 miserabili
1623 1915 1798 1979 petivit
1815 1917 1987 1979 stipem
2009 1913 2265 1974 funebrem
2286 1918 2395 1977 post
2416 1917 2633 1962 mortem-

417 1977 517 2027 Ille
541 1978 697 2028 videat
727 1981 831 2042 boc,
852 1980 1130 2043 quicumque
1155 1980 1264 2040 fert
1284 1985 1426 2044 caput
1447 1982 1589 2030 nimis
1609 1983 1784 2030 elatum
1805 1980 1958 2030 rebus
1993 1979 2247 2045 prosperis.
2313 1978 2395 2028 ,Eu
2416 1978 2517 2027 iste
2538 1979 2640 2027 dis-

1349 2128 1709 2150 OOOOOOOOOOO

417 2223 574 2272 Fam.
598 2221 743 2273 Prie.
779 2223 1071 2288 fraudesque
1093 2226 1176 2274 vel
1197 2241 1442 2290 poenasque
1459 2226 1694 2278 Floreat.
1711 2229 1858 2279 Rott.
1881 2226 2064 2277 Ambr.
2087 2229 2355 2277 sem—438
2386 2225 2515 2273 leucu
2536 2237 2636 2286 pro

419 2289 546 2338 lucro
568 2287 714 2338 Med.
740 2298 909 2354 quart.
945 2292 1046 2340 luco
1068 2290 1216 2341 Leid.
1239 2307 1318 2355 pr.
1342 2291 1462 2341 Ald.
1496 2293 1627 2341 vivos
1648 2294 1842 2343 imitata
1862 2293 1987 2343 Vat.
2012 2308 2094 2356 pr.
2126 2295 2339 2356 receptus
2360 2290 2483 2339 Vat.
2508 2293 2636 2338 tert.

419 2353 538 2402 Pal.
563 2354 712 2403 Rott.
749 2363 854 2403 tres
872 2356 1016 2405 Med.
1053 2357 1253 2406 Mazar.
1290 2359 1410 2407 Pat.
1438 2372 1570 2405 unus
1593 2358 1777 2409 Heius.
1797 2358 1886 2424 qui
1908 2358 2238 2425 ascripserat,
2259 2353 2496 2421 receptus]
2513 2353 2639 2418 quia

419 2417 709 2481 recipiebat
734 2428 1021 2485 argentum.
1054 2428 1266 2486 receptus
1289 2423 1371 2472 vel
1393 2427 1605 2473 retentus
1629 2424 1920 2475 Pus—439
1950 2425 2176 2474 adductos
2208 2421 2379 2485 dig-itis
2399 2420 2504 2484 infl.
2527 2432 2638 2469 uer-

420 2498 500 2532 vos
520 2485 641 2534 Vat.
668 2501 743 2549 pr.
769 2486 1095 2537 oise1.--441
1129 2493 1177 2537 et
1200 2489 1314 2538 cod.
1340 2490 1505 2537 Pulm.
1540 2490 1722 2538 lubrica
1742 2506 1792 2540 u.
1812 2488 1935 2539 vat.
1961 2505 2041 2554 pr.
2064 2496 2118 2538 et
2136 2504 2239 2539 sec.
2264 2488 2392 2537 item
2416 2485 2533 2537 Pal.
2585 2489 2638 2533 et

421 2555 532 2598 tres
554 2550 679 2599 Vat.
708 2553 851 2601 Rott.
878 2552 1002 2602 Put.
1029 2553 1265 2602 Florent.
1292 2555 1485 2603 Moret.
1511 2569 1615 2604 sec.
1640 2557 1769 2605 Exc.
1804 2556 2024 2604 LucenS.
2044 2570 2146 2603 sec.
2173 2560 2228 2604 et
2251 2551 2373 2602 Ald.
2439 2548 2642 2601 numina

418 2613 600 2663 lubrica
625 2616 766 2665 Med.
792 2623 964 2680 quart.
990 2617 1169 2666 Ambr.
1194 2633 1273 2682 pr.
1297 2620 1483 2668 petav.
1506 2634 1612 2668 sec.
1646 2621 1828 2669 ludicra
1850 2620 1991 2669 Prie.
2010 2636 2079 2669 m.
2104 2634 2208 2668 sec.
2243 2619 2373 2667 dicat
2396 2616 2639 2668 Gisch—

418 2682 518 2729 442
551 2696 643 2742 qua
667 2682 782 2738 Vat.
807 2683 972 2747 quint.
999 2684 1127 2747 Reg.
1150 2684 1273 2732 Put.
1298 2685 1498 2733 Bonon.
1524 2685 1672 2735 Leid.
1699 2701 1776 2748 pr.
1802 2686 1976 2735 Oxon.
2016 2700 2120 2734 sec.
2160 2685 2343 2733 Petav.
2384 2697 2485 2732 sec.
2507 2681 2638 2731 Var.

419 2744 529 2793 LL.
553 2747 635 2794 ed.
657 2745 980 2796 Antv.-443
1015 2749 1243 2798 commisit
1268 2748 1449 2799 Ambr.
1472 2755 1718 2814 piu—444
1750 2750 2135 2810 inhumatajacet
2159 2748 2340 2797 Oxon.
2365 2762 2448 2811 pr.
2491 2746 2639 2795 mise-

417 2824 561 2871 roque
576 2811 663 2858 ·vel
689 2812 938 2874 misereque
962 2814 1078 2861 Vat.
1102 2819 1341 2877 piu—445
1363 2814 1576 2874 fatalem
1595 2821 1824 2878 quaestum
1844 2815 2039 2865 Tbuan.
2105 2814 2307 2878 reposcit
2324 2814 2477 2862 Fam.
2503 2812 2639 2860 Exc-

418 2874 643 2923 Lucens.
667 2881 933 2926 sem—446
966 2878 1176 2940 quisquis
1211 2879 1334 2928 Vat.
1363 2881 1528 2928 Livin.
1563 2881 1693 2929 Exc.
1727 2882 1945 2930 Lucens.
1984 2895 2089 2929 sec.
2130 2888 2184 2929 et
2222 2879 2409 2941 Isingr.
2472 2875 2642 2939 nequis

422 2946 647 3003 quatuor
668 2940 788 2989 Vat.
813 2942 928 2990 Pal.
954 2944 1104 2990 Farn.
1127 2943 1270 2993 Prie.
1334 2944 1546 3007 quisquis
1584 2946 1663 2993 vel
1701 2946 1865 3009 nequis
1905 2947 2022 2994 Vat.
2055 2960 2133 3008 pr.
2169 2944 2413 2994 Heinsius
2434 2941 2566 3004 legit
2590 2940 2638 2989 si

417 3003 542 3067 quis.
591 3005 790 3054 stillatoe
827 3007 942 3055 cod.
981 3007 1327 3058 Barth—44⁷
1357 3010 1488 3070 gerit
1517 3010 1635 3057 Vat.
1675 3011 1841 3059 Livin-
1880 3012 2007 3060 Exc.
2048 3012 2269 3059 Lucens.
2301 3023 2408 3059 sec.
2444 3007 2636 3070 Isingr.

414 3073 556 3129 gerat
581 3077 804 3132 quatuor
828 3072 948 3120 Vat.
970 3072 1087 3120 Pal.
1106 3074 1259 3121 Farn.
1283 3074 1422 3123 Prie.
1455 3075 1597 3124 Rott.
1636 3076 1769 3136 gerit
1801 3077 1884 3124 vel
1918 3080 2060 3138 gerat
2091 3076 2212 3124 Vat.
2248 3088 2327 3138 pr.
2377 3072 2515 3122 rebus
2538 3085 2636 3134 pro

414 3132 580 3183 triviis
600 3136 730 3186 Exc.
760 3137 889 3186 Cod.
918 3138 1098 3187 Rheni.
1162 3138 1300 3187 rebus
1320 3140 1401 3188 vel
1421 3139 1586 3188 triviis
1606 3140 1728 3189 Vat.
1756 3155 1835 3204 pr.
1900 3143 2105 3190 calcatus
2138 3140 2259 3190 Pat.
2303 3139 2487 3189 Petav.
2508 3142 2638 3187 tert.

1419 3283 1640 3334 NOTAE

482 3395 581 3441 438
622 3392 763 3443 Visos
781 3394 977 3443 imitata
995 3396 1228 3460 retentus]
1270 3397 1488 3447 Imitans
1633 3403 1730 3448 443
1764 3399 1846 3449 Aa
1865 3400 2040 3464 oscula]
2071 3398 2286 3448 Manum
2306 3395 2526 3445 osculari
2547 3394 2642 3445 ob·

417 3481 584 3517 nexus
601 3475 757 3533 atque
781 3470 1122 3535 rapacitatem
1141 3474 1490 3522 tenacitatem·
1570 3477 1734 3539 sequii
1768 3482 2125 3541 argumentum
2150 3481 2262 3524 est:
2308 3488 2418 3522 mos
2439 3472 2530 3521 ille
2554 3485 2643 3522 ve-

419 3559 539 3611 que,
559 3547 758 3609 qualem
783 3548 928 3597 vivus
954 3548 1171 3598 Rufinus
1196 3551 1440 3601 babebat.
1571 3552 1764 3601 teribus
1787 3551 1887 3602 fuit
1910 3551 2177 3601 familiaris
2214 3551 2289 3600 sic
2329 3548 2639 3612 obsequium

483 3624 579 3670 441
621 3623 956 3688 Instabilesque
974 3626 1125 3690 Deos]
1162 3628 1392 3677 Deorum
1414 3629 1488 3679 fa·
1570 3636 1625 3679 et
1648 3630 1991 3680 reverentiam
2023 3628 2221 3679 testari.
2284 3627 2371 3677 Sic
2410 3641 2476 3675 ex
2516 3626 2641 3675 Plu-

418 3709 594 3745 vorem
636 3700 958 3762 mutabilem,
989 3717 1076 3750 seu
1118 3702 1375 3752 fortunam
1411 3706 1487 3754 in·
1570 3710 1769 3768 tat-cbo,
1808 3709 2023 3757 Catonis
2058 3701 2321 3756 Uticensis
2346 3704 2545 3754 abitum
2570 3718 2642 3752 ae-

419 3780 763 3823 constantem.
828 3778 916 3826 Sic
937 3780 1154 3838 Seneca,
1172 3784 1188 3808 ‘
1212 3781 1327 3829 Nec
1345 3782 1487 3831 leves
1570 3800 1661 3849 gre
1684 3783 1915 3834 ferentes
1939 3783 2150 3842 milites,
2174 3790 2344 3830 vestes
2365 3794 2506 3843 suas,
2534 3793 2641 3843 qua

419 3848 605 3897 metuit
619 3851 760 3898 Deos
780 3851 814 3911 ς’
847 3852 902 3900 id
929 3861 1027 3914 est,
1042 3855 1211 3904 levem
1234 3854 1486 3908 favorem.
1567 3861 1734 3909 iturus
1758 3866 1889 3919 erat,
1911 3859 2231 3921 sternebant,
2263 3864 2320 3907 et
2340 3870 2520 3907 manus
2544 3855 2639 3905 de·

488 3923 727 3988 Numina]
795 3929 999 3977 Numen
1023 3937 1104 3979 est
1141 3932 1286 3981 velut
1318 3933 1488 3982 anima
1568 3936 1949 3987 osculabantur.
2614 3949 2619 3956 '

421 4004 478 4050 et
500 4003 738 4051 voluntas
761 4005 1011 4055 Deorum.
1078 4006 1286 4070 Itaque,
1308 4008 1489 4059 lubrica
1631 4018 1727 4064 445
1767 4010 2001 4074 Feralem]
2059 4009 2275 4074 Antiqui
2296 4008 2460 4058 ferale
2481 4023 2638 4061 voca-

417 4079 613 4131 numina
645 4080 816 4143 discat,
850 4082 901 4130 id
945 4091 1043 4145 est,
1078 4085 1211 4133 sciat
1247 4087 1486 4136 volunta·
1566 4091 1711 4147 baut,
1735 4089 1789 4137 id
1826 4086 1964 4153 quod
1989 4094 2072 4137 est
2092 4086 2371 4150 funestum,
2400 4087 2638 4151 exitiale,

418 4160 528 4204 tem
549 4154 777 4206 Deorum
798 4173 901 4207 non
922 4172 1132 4223 semper
1150 4174 1268 4209 esse
1288 4160 1486 4212 firmam
1568 4165 1982 4228 abominandum,
2020 4163 2353 4226 horrendum,
2397 4162 2644 4229 funebre,

417 4235 576 4296 atque
619 4238 942 4285 constantem
991 4235 1046 4285 in
1096 4233 1283 4288 dandis
1329 4238 1484 4289 rebus
1564 4243 1883 4305 obscoenum,
1903 4241 2129 4306 malique
2149 4240 2351 4291 ominis.

416 4307 696 4376 prosperis.
1626 4320 1725 4371 447
1780 4317 2068 4391 Spargitur]
2146 4317 2337 4370 Partes
2391 4315 2644 4385 corpor-'is'
