2925 4928
491 351 538 416 2
1404 366 1790 419 nms'rom.

489 515 758 599 pliceat,
814 512 1331 579 Suanmssmss
1394 513 1825 594 Ducum-11⁴2,
1896 514 2147 598 quippe
2207 514 2324 597 qui
2382 511 2769 581 fiduciam

490 618 755 695 habeat,
799 636 931 681 non
960 637 1002 681 a
1029 617 1350 701 superbia
1394 617 1752 707 inductam,
1782 617 1902 682 sed
1946 619 2033 682 ab
2082 617 2233 702 ipsa
2259 618 2768 697 conscientia,

491 727 557 785 et
587 719 844 785 virtutis
873 740 1040 798 suae,
1082 726 1149 783 et
1197 710 1604 802 praestanti&
1626 720 1723 784 tui
1767 721 2033 804 ingenii,
2083 741 2165 786 ac
2212 720 2451 804 Regiae
2507 721 2765 805 plane

491 823 755 899 indoliS,
796 824 1034 906 quibus
1062 822 1228 886 mire
1270 823 2291 907 excitatus-praeclarissimamm
2319 843 2550 888 rerum
2586 829 2763 887 stu-

485 927 606 991 dio
651 929 788 990 tam
839 925 1126 1002 duceris,
1182 943 1382 1009 quam
1433 926 1548 1008 qui
1586 926 1904 991 maxime.
1993 926 2288 991 Excelso
2341 928 2612 1010 nempe
2676 931 2760 991 et

490 1029 724 1095 illustri
762 1029 914 1093 loco
957 1029 1090 1093 sita
1140 1029 1224 1092 de
1268 1034 1333 1092 te
1377 1025 1582 1106 fama,
1622 1048 1777 1111 quae
1827 1049 1951 1093 nec
2002 1031 2289 1094 obscuro
2335 1049 2457 1094 nec
2514 1028 2752 1094 vario

489 1150 811 1209 sermone,
870 1130 989 1194 sed
1038 1130 1411 1194 clarissima
1454 1134 1523 1194 et
1566 1149 1701 1194 una
1747 1129 2037 1195 omnium
2083 1150 2252 1195 voce
2298 1130 2747 1214 percrebuit,

486 1233 732 1299 nemini
760 1233 1028 1301 dubiam
1057 1233 1368 1315 relinquit
1393 1233 1696 1300 nobilem
1729 1234 1911 1301 illam
1953 1234 2157 1299 animi
2181 1235 2748 1312 contentionem,

490 1354 697 1423 quam
742 1335 829 1400 ad
896 1335 1382 1420 assequendam
1437 1337 1840 1420 optimarum
1905 1337 2145 1402 artium
2199 1337 2745 1418 intelligentiam

486 1439 586 1504 ita
629 1438 943 1520 adhibes3
1010 1443 1106 1517 ut,
1137 1440 1315 1522 quod
1361 1440 1430 1503 in
1474 1439 1598 1504 tali
1636 1440 1900 1506 fortuna
1944 1460 2190 1505 novum
2218 1444 2319 1504 est
2345 1446 2564 1524 atque
2601 1439 2744 1504 ad-

487 1541 811 1618 mirabile,
842 1546 1158 1624 quantum
1181 1543 1436 1623 generis
1467 1550 1533 1608 et
1558 1542 1900 1628 dignitatis
1927 1542 2271 1627 splendore
2300 1544 2433 1608 tuis
2466 1561 2738 1627 aequa-

486 1645 685 1720 libus,
715 1649 968 1709 tantum
996 1644 1237 1728 ingenii
1267 1649 1332 1709 et
1366 1646 1680 1715 doctrinae
1710 1648 2109 1731 ornamentis
2137 1645 2526 1725 antecellas.

576 1746 665 1811 Et
719 1745 1007 1828 quidem,
1051 1746 1315 1810 etiamsi
1360 1749 1602 1813 mentis
1652 1754 1787 1819 tuae
1838 1769 2057 1814 rerum
2097 1749 2388 1814 omnium
2420 1750 2731 1832 capacis

485 1848 776 1913 facilitas
824 1852 890 1911 et
935 1848 1324 1932 magnitudo
1361 1870 1498 1915 non
1544 1871 1626 1915 ea
1672 1857 1871 1931 esset,
1909 1857 1984 1915 ut
2026 1871 2159 1916 non
2207 1854 2345 1921 tam
2390 1849 2724 1931 feliciter,

486 1950 685 2015 sicuti
707 1950 897 2029 faciS,
919 1951 1280 2034 proficeres
1304 1974 1322 2035 3
1352 1953 1534 2029 curis
1565 1959 1786 2027 tamen
1807 1958 1874 2023 et
1891 1953 2188 2018 consiliis
2218 1953 2724 2037 sapientissimi

484 2055 583 2118 tui
614 2054 950 2131 RectoriS,
985 2055 1103 2136 qui
1142 2055 1304 2118 nihil
1333 2055 1537 2119 habet
1565 2055 1924 2138 antiquiuS‚
1969 2074 2168 2138 quam
2199 2059 2269 2121 ut
2303 2054 2390 2118 ad
2417 2056 2721 2122 virtutes

484 2156 816 2220 maximas
861 2161 923 2221 te
973 2156 1144 2220 ultro
1193 2158 1426 2222 altiora
1476 2163 1799 2241 petentem
1843 2148 2193 2243 provehat,
2241 2159 2522 2243 provehi
2581 2179 2719 2243 po-

482 2258 756 2327 tuisses,
846 2256 942 2322 At
972 2278 1129 2323 vero
1158 2259 1386 2331 diviua
1421 2258 1876 2338 Providentia,
1906 2279 2060 2345 quae
2090 2266 2154 2326 te
2178 2259 2263 2327 ad
2292 2261 2712 2341 regnandum

483 2361 659 2438 tulit,
690 2361 908 2444 ipsius
939 2381 1132 2427 curas
1164 2362 1422 2446 adjuvit
1460 2363 1757 2442 mirifice,
1802 2365 2046 2442 crexit,
2063 2365 2408 2442 recreavit,
2441 2372 2624 2431 cum'
2641 2371 2716 2431 tc

485 2463 748 2539 eximiis
777 2466 1088 2530 omnibus
1114 2466 1412 2550 corporis
1467 2472 1538 2536 et
1583 2466 1785 2536 animi
1814 2466 2107 2545 dotibus,
2144 2486 2298 2551 quae
2327 2467 2519 2535 firma
2548 2487 2710 2535 esse

483 2566 746 2649 possint
799 2568 1178 2652 adjumenta
1224 2570 1632 2642 sustinendae
1678 2570 1836 2652 olim
1884 2570 2329 2654 imperatoriae
2359 2589 2708 2653 personae,

482 2674 622 2733 tam
669 2669 1063 2736 instructum
1109 2690 1261 2750 esse
1305 2672 1548 2750 voluit,
1570 2676 1646 2742 ut
1691 2671 1759 2737 in
1802 2676 1952 2738 toto
1991 2672 2149 2741 orbe
2178 2670 2433 2739 habeas
2460 2690 2706 2754 parem

479 2770 828 2842 neminem.

567 2868 677 2936 Ac
705 2892 775 2936 re
803 2871 1069 2956 quidem
1121 2874 1296 2958 ipsa,
1335 2878 1530 2940 natus
1569 2895 1643 2942 es
1689 2895 1771 2939 ea
1800 2876 2032 2946 formae
2065 2875 2411 2959 dignitate,
2442 2879 2517 2944 ut
2547 2896 2699 2943 cor·

473 2992 610 3059 pus
634 2995 758 3039 nec
789 2976 958 3059 ipsae
1008 2963 1308 3040 Charites
1338 2978 1699 3060 ¹pulchrius
1728 2979 1817 3043 ad
1862 2984 2324 3059 venustatem3
2378 2998 2526 3057 nec,
2569 2998 2705 3063 pro

479 3085 596 3146 tua
643 3082 864 3155 aetate,
913 3077 1102 3143 Mars
1151 3079 1300 3161 ipse
1339 3081 1642 3162 vegetius
1687 3081 1774 3145 ad
1818 3082 2217 3160 firmitatem,
2257 3087 2332 3149 <et
2360 3082 2444 3147 ad
2475 3085 2694 3154 susci-

477 3178 727 3264 pienda
754 3198 835 3244 ac
860 3179 1203 3257 toleranda
1230 3182 1391 3250 belli
1420 3184 1645 3253 munia
1672 3184 1912 3265 fingere
1940 3185 2255 3268 potuerit.
2347 3182 2489 3262 Qui
2517 3185 2694 3269 enim

478 3283 706 3354 vultus
736 3283 989 3349 decor?
1049 3302 1202 3365 quae
1233 3282 1472 3349 frontis
1502 3287 1718 3367 gratia
1755 3287 1955 3356 simul
1982 3293 2049 3354 et
2077 3288 2396 3371 majestas
2416 3289 2458 3351 ‘t-
2493 3306 2700 3371 quam>

477 3383 749 3451 vividus
781 3384 1197 3469 Martiusque
1223 3388 1404 3452 color
1426 3389 1456 3451 Ἰ
1487 3405 1494 3410 ·
1526 3388 1641 3471 qui
1668 3389 1847 3458 nitor
1877 3390 2198 3472 vigorque
2226 3389 2591 3468 oculorum,
2609 3396 2694 3456 ,et

480 3507 685 3574 quam
714 3488 1019 3553 animosa
1046 3490 1415 3572 regalisque
1455 3491 1750 3573 species,
1802 3490 2096 3556 omnium
2142 3491 2387 3558 amoris
2415 3511 2549 3558 non
2570 3511 2687 3558 so-

476 3590 618 3670 lum
648 3590 1084 3667 conciliatrix,
1115 3590 1235 3654 sed
1265 3591 1465 3665 etiam
1493 3593 1940 3664 venerationis
1968 3593 2000 3656 'l
2025 3591 2183 3656 His
2213 3593 2477 3660 accedit
2504 3593 2690 3660 firma.

480 3692 816 3770 valetudo,
846 3697 911 3755 et
957 3694 1130 3756 mira
1174 3700 1428 3759 naturae
1486 3693 1773 3773 agilitas,
1804 3713 1885 3756 ac
1926 3693 2209 3777 denique
2237 3694 2516 3779 pulchro
2543 3715 2694 3762 eor

478 3813 644 3877 pore
669 3793 824 3873 long
785 3813 862 3855 e
890 3794 1222 3876 pulchrior
1271 3815 1350 3861 ac
1391 3796 1775 3877 generosior
1803 3796 2108 3873 animus,
2129 3817 2446 3880 mensque
2494 3797 2692 3866 rebus

479 3901 682 3978 atque
709 3897 989 3972 artibuS,
1022 3917 1486 3980 quascumque
1516 3898 1948 3981 expetiveris,
1969 3904 2107 3962 tarn
2112 3908 2316 3983 apta,
2333 3908 2482 3970 tam
2500 3896 2685 3974 habi«

477 3997 586 4076 lis,
619 3998 706 4059 iis
738 4004 811 4062 ut
834 4003 1026 4062 natus
1054 4019 1205 4062 esse
1236 3999 1546 4068 videaris.

566 4100 746 4165 Nam
795 4102 853 4164 si
901 4102 987 4165 ad
1043 4103 1466 4178 avocandum
1526 4124 1569 4168 a
1618 4104 1856 4172 studiis
1902 4106 2328 4187 gravioribus
2370 4106 2671 4180 animum,

481 4204 746 4270 venatui
803 4203 1275 4294 indulgendum
1317 4212 1438 4285 est,
1480 4208 1631 4294 quis
1687 4214 1752 4278 te
1803 4208 2178 4293 expeditior
2224 4210 2294 4279 in
2338 4228 2509 4293 equo
2557 4224 2682 4296 per
