2925 4928
441 415 575 483 364
1173 428 1286 477 οι..
1333 425 1766 476 acaunum
1817 425 1950 474 xv.

445 579 606 644 Solo
636 579 840 643 ducta
869 576 1098 650 Noto:
1141 596 1477 660 nunquam
1508 592 1747 639 secura
1772 574 1997 654 futuri,

447 680 721 765 Semper
748 681 968 766 inops,
997 681 1312 762 ventique
1332 677 1542 743 fidem
1573 680 1894 761 poscebat
1921 685 1990 742 et
2020 679 2195 743 anni.

449 784 652 848 Hanc
683 802 949 867 quoque
978 802 1150 847 nunc
1184 781 1432 847 Gildon
1465 784 1692 864 rapuit
1736 783 1861 845 sub
1893 780 2023 846 fine
2052 780 2346 846 cadentis

450 886 792 952 Autumni.
888 886 1145 951 Pavido
1176 886 1480 950 metimur
1509 886 1760 949 coerula
1790 890 1973 963 voto,

451 990 723 1073 Puppis
753 993 810 1055 si
842 1010 977 1074 qua
1006 991 1208 1067 venit,
1241 990 1300 1052 si
1334 987 1493 1072 quid
1538 987 1811 1052 sortasse
1839 988 2098 1071 potenti

450 1095 582 1160 Vel
611 1095 824 1179 pudor
851 1094 1130 1159 extorsit
1159 1093 1447 1169 domino,
1479 1091 1585 1155 vel
1616 1092 1848 1177 praed‘o
1878 1092 2161 1177 reliquit.

453 1199 801 1264 Pascimur
831 1199 1100 1263 arbitrio
1135 1195 1391 1261 Mauri:
1435 1216 1560 1262 nec
1592 1196 1821 1260 debita
1848 1195 2057 1273 reddi,

458 1302 591 1368 Sed
625 1322 747 1367 sua
779 1302 1055 1367 concedi
1076 1301 1318 1385 jactat,
1349 1299 1731 1384 gaudetque
1761 1298 2056 1377 diurnos»,

2576 1192 2672 1256 ¹70

453 1484 729 1551 difficultate
749 1481 955 1550 impulsa
979 1502 1070 1536 uno
1092 1485 1288 1547 Austro,
1307 1501 1543 1549 nunquam
1564 1489 1669 1534 tuta
1693 1499 1788 1548 pro
1800 1483 1993 1543 futuro,
2014 1497 2159 1546 usque
2176 1495 2373 1545 pauper,
2395 1484 2442 1528 et
2464 1478 2678 1541 rogabat

443 1550 662 1610 favorem
682 1553 830 1611 venti,
847 1558 892 1601 et
909 1554 1040 1601 anni.
1069 1552 1247 1600 Gildon
1265 1552 1440 1600 ademit
1457 1550 1589 1600 nobis
1601 1551 1744 1599 eliam
1761 1550 1879 1597 hanc
1890 1549 2125 1612 Libyam,
2140 1546 2223 1603 sub
2238 1546 2419 1606 exitum
2434 1544 2681 1594 Autumni

441 1616 680 1680 finientis.
706 1618 1069 1680 Prospectamus
1088 1618 1254 1676 mar-ia,
1274 1617 1507 1665 desiderio
1527 1615 1712 1674 timido,
1731 1615 1775 1664 si
1796 1615 1952 1678 aliqua
1973 1615 2106 1662 navis
2121 1609 2567 1674 advenit,sisorsan
2588 1615 2680 1660 aut

456 1683 735 1730 verecundia
751 1684 981 1745 expressit
1001 1682 1181 1745 aliquid
1202 1700 1231 1731 a
1253 1688 1452 1745 tyranno
1460 1680 1787 1741 formidando,
1802 1681 1875 1728 vel
1895 1680 1940 1728 si
1959 1681 2116 1741 proedo
2134 1677 2294 1726 omisit
2310 1675 2523 1740 aliquid.
2573 1675 2681 1723 Nu-

457 1746 631 1796 trimur
646 1747 708 1795 ad
726 1754 891 1797 nutum
913 1748 1098 1810 Mauri,
1111 1753 1157 1796 et
1180 1748 1276 1797 iste
1295 1747 1533 1809 gloriatur
1547 1760 1639 1796 non
1657 1744 1853 1809 rependi
1870 1744 2030 1794 debita
2044 1742 2325 1806 frumenta,
2341 1743 2423 1790 sed
2437 1755 2523 1789 sua
2537 1739 2683 1804 dari,

1384 1896 1742 1916 OOOOOOOOOO

467 2007 772 2058 vicen—65
791 2016 839 2060 et
862 2003 977 2061 anai
1001 2013 1081 2061 vel
1103 2012 1154 2061 in
1175 2028 1351 2062 annum
1364 2013 1628 2075 Reg.—66
1644 2013 1757 2062 dum
1778 2026 1871 2075 pro
1891 2009 2211 2060 nuncPetav.
2227 2022 2330 2057 sec.
2343 2006 2521 2055 Gildon
2536 2005 2695 2058 Exc-

470 2073 624 2124 Laeti.
667 2074 815 2123 Gildo
861 2091 1036 2126 omnes
1058 2078 1205 2128 Vatt.
1245 2078 1356 2126 Pal.
1400 2078 1551 2129 Farn.
1588 2077 1742 2126 tenuit
1779 2076 1895 2125 Pal.
1923 2074 2067 2125 Med.
2105 2089 2185 2138 pr.
2222 2073 2328 2122 inc.
2358 2072 2541 2122 Heius.
2589 2072 2687 2123 lib.

468 2138 655 2189 Barth.
687 2141 889 2190 tacentis
913 2140 1096 2190 Ambr.
1141 2157 1245 2192 sec.
1270 2145 1487 2192 cadentes
1517 2143 1598 2190 vel
1618 2142 1824 2204 potentis
1850 2142 2103 2191 Low—67
2137 2138 2334 2188 metitur
2369 2136 2533 2186 Oisel.
2553 2137 2688 2194 Pat.

470 2202 598 2253 Put.
642 2218 711 2251 m.
739 2219 816 2266 pr.
852 2207 1000 2255 Leid.
1024 2221 1099 2270 pr.
1126 2207 1300 2257 Oxou.
1323 2223 1423 2257 sec.
1449 2209 1695 2256 Pulman.
1721 2206 1904 2256 Ambr.
1947 2212 2072 2257 tert.
2111 2205 2240 2254 Exc.
2283 2203 2498 2251 Gevart.
2535 2207 2687 2265 ponto

471 2267 800 2318 Mazar.—68
824 2270 986 2333 Siqua
1010 2272 1136 2320 venit
1153 2272 1321 2324 Oxou.
1345 2288 1422 2337 pr.
1448 2274 1569 2337 quod
1595 2272 1766 2322 Oxou.
1789 2287 1891 2322 sec.
1910 2276 2079 2335 parato
2096 2270 2365 2319 Pria—69
2383 2268 2549 2329 proedo
2567 2267 2692 2322 Pal.

473 2331 621 2410 Med.
640 2348 719 2397 pr.
742 2350 870 2384 uuus
892 2336 1076 2386 Heius,
1103 2337 1228 2400 Reg.
1249 2339 1445 2388 Thuan.
1477 2339 1605 2387 Lov.
1625 2338 1828 2387 Tholos.
1853 2337 2022 2387 Oxou.
2047 2351 2125 2400 pr.
2143 2333 2266 2383 Ald.
2297 2334 2466 2396 proeda
2489 2347 2687 2385 novem

473 2398 576 2447 alu.
609 2400 770 2461 proedo
797 2401 877 2450 vel
917 2404 1082 2464 praeda
1121 2403 1264 2453 Med.
1309 2418 1391 2468 pr.
1431 2404 1563 2453 Exc.
1602 2402 1725 2452 Pat.
1754 2416 1857 2454 rec.
1883 2403 2128 2454 Heinsius
2152 2400 2467 2462 ascripserat
2509 2398 2689 2448 locum

470 2463 730 2525 Spartiau.
775 2466 827 2515 in
870 2467 1062 2518 Severo
1109 2484 1228 2533 pag.
1271 2474 1352 2519 71.
1393 2471 1408 2498 ‘
1434 2478 1620 2534 postea
1643 2468 2009 2518 invadentibus
2052 2467 2225 2517 multis
2270 2463 2691 2527 Rempnblicam,

471 2543 554 2578 res
577 2530 809 2606 Romana
846 2533 1176 2595 praedonibus
1211 2535 1438 2598 direptui
1480 2534 1742 2585 fuit.’-⁷o
1774 2549 1865 2583 non
1885 2533 2043 2584 debita
2064 2533 2269 2582 Thuan.
2306 2529 2427 2580 Ald.
2449 2544 2539 2578 aec
2562 2531 2691 2580 Vat.

470 2594 647 2666 Lirin.
668 2598 807 2647 reddi
825 2598 948 2649 Vat.
971 2613 1074 2649 sec.
1098 2600 1254 2650 reddit
1276 2606 1396 2651 octo
1418 2600 1529 2663 alii,
1548 2601 1670 2651 Var.
1689 2600 1792 2649 LL.
1817 2599 1902 2649 ed.
1926 2600 2219 2652 Antia—71.
2246 2595 2694 2660 gaudetJactatque

1471 2747 1693 2799 NOTAE

539 2861 605 2907 64
637 2858 747 2909 Solo
769 2862 911 2909 ducta
939 2860 1087 2925 Noto]
1140 2862 1262 2912 Non
1285 2861 1422 2927 quod
1453 2861 1541 2911 Li·
1622 2868 1834 2927 tumque
1848 2865 2209 2925 expectantes,
2231 2858 2323 2908 sed
2346 2857 2531 2908 timido
2548 2862 2695 2921 voto,

475 2933 580 2997 bya
613 2935 678 2984 ad
730 2950 819 2985 nos
860 2936 1054 2988 Austro
1094 2934 1398 3002 adducatur,
1446 2939 1542 2989 sed
1621 2952 1711 2988 seu
1735 2937 2022 2987 desiderio:
2060 2937 2253 3000 saepius
2287 2933 2423 2984 enim
2447 2934 2698 2998 despera-

476 3008 790 3060 frumentum
856 3012 910 3061 in
976 3013 1142 3078 Libya
1218 3022 1543 3066 contentum.
1622 3030 1756 3079 mua,
1789 3029 1881 3065 seu
1913 3014 2175 3076 metimur,
2196 3013 2248 3062 id
2273 3018 2371 3074 est,
2392 3019 2695 3076 spectamus

480 3085 675 3138 Auster
719 3091 828 3139 sive
870 3090 1062 3151 Notus,
1099 3098 1282 3142 ventus
1318 3094 1545 3158 pluvius„
1624 3106 1779 3158 quam
1799 3092 1957 3155 longo
1995 3090 2124 3139 mari
2165 3089 2447 3153 interjecto
2470 3087 2641 3139 distet
2665 3102 2698 3136 a

482 3165 573 3215 sed
611 3166 665 3214 in
709 3166 890 3218 Africa
927 3183 1160 3232 serenus,
1198 3169 1343 3220 favet
1375 3173 1547 3221 nantis
1625 3169 1777 3219 nobis
1800 3167 2135 3218 frumentum.
2291 3215 2300 3220 .

483 3256 548 3291 ex
575 3240 757 3292 Africa
779 3244 831 3293 in
856 3244 1065 3295 Italiam
1089 3247 1434 3300 venientibus.
1697 3246 1906 3310 Coerula]
1936 3245 2108 3295 Maria
2145 3244 2221 3294 sic
2261 3242 2400 3293 dicta
2444 3256 2477 3291 a
2518 3241 2697 3293 colore

548 3320 802 3384 Nunquam
830 3338 993 3372 secura
1016 3323 1202 3390 fiduri]
1234 3325 1432 3390 Libyca
1466 3341 1554 3376 an·
1630 3324 1874 3373 coeruleo.

485 3404 621 3450 nona
637 3415 895 3466 nunquam
915 3402 1039 3452 satis
1059 3409 1174 3453 tuta
1193 3417 1253 3453 ac
1275 3411 1421 3454 certa
1437 3410 1552 3453 erat
1694 3406 1760 3451 69
1800 3401 1881 3450 Vel
1895 3396 2073 3464 pudor]
2106 3399 2160 3449 Si
2185 3399 2354 3463 pudor
2373 3396 2568 3463 aliquid
2590 3395 2700 3447 frn-

486 3478 654 3542 nobis,
677 3494 770 3543 pro
793 3478 967 3529 futuro
992 3486 1245 3544 tempore,
1282 3480 1348 3530 ob
1386 3481 1553 3532 incer·
1629 3478 1793 3529 menti
1838 3476 2062 3527 extorsit
2127 3491 2159 3525 a
2198 3475 2424 3526 Gildone
2471 3483 2698 3539 tyranno

484 3561 592 3605 tam
649 3555 770 3605 anui
807 3556 1093 3621 Libyaeque
1130 3557 1352 3607 sitientis
1386 3573 1553 3622 spem,
1632 3561 1867 3622 potente.

486 3627 838 3698 incertamque
899 3634 1315 3697 navigationem:
1373 3634 1553 3702 sicque

485 3714 547 3758 ut
566 3709 929 3770 adveheretur,
949 3711 1254 3775 optabamus
1280 3718 1338 3762 ut
1372 3726 1557 3780 annus,

489 3800 580 3834 seu
626 3794 907 3849 proventus
952 3788 1132 3852 Libyae
1180 3805 1375 3840 annuus
1417 3799 1558 3844 esset

490 3859 649 3925 fidus,
666 3869 723 3912 et
741 3862 873 3913 bene
895 3866 1237 3929 responderet
1261 3870 1395 3918 votis
1421 3871 1558 3934 agri-

489 3940 656 4002 colae3
697 3941 1002 4005 optabamus
1046 3944 1222 4009 etiam,
1266 3953 1324 3996 ut
1370 3954 1559 3999 ventus

490 4016 689 4068 Auster
724 4017 931 4071 faveret
962 4019 1221 4072 fideliter:
1269 4038 1388 4073 nam
1432 4025 1558 4076 alio-

495 4094 620 4161 quin
664 4098 878 4147 Romam
902 4099 1085 4148 advehi
1132 4113 1233 4151 non
1273 4108 1450 4166 posset
1470 4118 1560 4154 an-

494 4185 626 4221 nuus
649 4172 736 4222 ille
761 4183 1062 4236 proventus.

559 4251 624 4297 67
661 4250 919 4316 Metimur]
955 4245 1359 4317 Prospectanius
1396 4256 1561 4307 maria

494 4324 675 4391 oculis,
705 4332 765 4377 ut
802 4327 970 4380 solent
994 4328 1308 4384 frumentum
1351 4333 1563 4387 alimen-

1705 3634 1792 3685 Vel
1823 3632 2008 3697 praedo]
2059 3630 2117 3682 Si
2137 3630 2314 3694 Gildo,
2350 3629 2439 3695 qui
2461 3627 2700 3679 Africam

1636 3711 1903 3776 praedatus
1924 3716 2023 3774 est,
2051 3709 2274 3775 aliquam
2307 3715 2462 3757 terra:
2498 3713 2700 3771 partem

1637 3788 1865 3855 reliquit,
1884 3801 2034 3852 quam
2059 3801 2162 3836 non
2186 3786 2255 3836 sit
2275 3783 2647 3848 depopulatus.

1703 3870 1767 3915 70
1792 3863 1982 3929 Mauri]
2014 3862 2271 3925 Gildonis,
2289 3862 2376 3926 qui
2398 3860 2701 3910 interiorem

1641 3942 1837 3995 Africae.
1864 3947 2087 4006 partem,
2108 3940 2198 3990 nbi
2218 3939 2395 3989 Mauri
2417 3944 2558 4002 sunt,
2579 3936 2704 3986 diri-

1677 4019 1774 4069 nit.

1640 4035 1674 4086 p
1706 4096 1811 4145 Nee
1830 4094 2014 4158 debita]
2049 4094 2320 4145 Gloriatur
2350 4105 2408 4141 se
2446 4105 2549 4140 nou
2584 4084 2701 4139 red-

1640 4173 1766 4223 dere
1806 4172 2087 4236 frumenta,
2110 4186 2227 4238 quae
2263 4170 2481 4220 deberet
2519 4168 2700 4223 Romae

1642 4266 1812 4302 rerum
1834 4251 2075 4315 dominae,
2116 4250 2207 4300 sed
2229 4248 2354 4299 dare
2385 4255 2446 4298 ut
2478 4245 2702 4305 famulae,

1642 4345 1757 4398 quae
1781 4344 1873 4380 sua
1896 4334 2032 4379 sunt>-
