2925 4928
455 414 591 485 862

458 575 853 657 Transtulit,
885 583 956 643 et
981 578 1160 662 lapsi
1189 597 1432 655 moreS,
1466 577 1881 660 desuetaque
1911 574 2153 660 priscis

1162 429 1278 478 012.
1325 425 1754 476 (namnum
1783 425 1935 476 ‚XV.

457 679 737 746 Artibus
767 683 835 745 in
863 682 1178 765 gremium
1213 681 1409 766 pacis
1438 680 1683 745 servile
1714 681 1979 758 recessi,

456 783 588 851 Tot
616 786 773 848 mihi
803 804 926 868 pro
953 784 1205 850 meritis
1238 785 1524 869 Libyam
1557 784 1919 867 Nilumque
1945 782 2207 862 dedere,

458 887 556 952 Ut
585 887 918 953 dominam
946 888 1230 971 plebem,
1259 887 1782 968 bellatoremque
1815 885 2128 949 Senatum

457 989 802 1055 Classibus
834 992 1087 1057 aestivis
1120 992 1391 1068 alerent,
1427 990 1820 1072 geminoque
1851 987 2154 1052 vicissim

456 1092 708 1158 Littore
737 1083 983 1158 diversi
1011 1096 1417 1178 complerent
1442 1093 1680 1157 horrea
1710 1090 1911 1158 venti.

1214 1197 1556 1281 Memphis
1587 1197 1646 1260 si
1675 1195 1841 1259 forte
1870 1199 2208 1276 negasset,

456 1194 698 1262 Stabat
727 1203 910 1261 certa
939 1197 1166 1262 salus:

2579 1087 2667 1152 55

457 1368 596 1423 sunt,
648 1368 789 1424 atque
846 1362 995 1412 oblita
1053 1364 1261 1426 antique
1315 1362 1581 1427 disciplina·
1641 1360 1740 1410 abii
1793 1362 1846 1411 in
1883 1361 2040 1411 sinum
2081 1360 2235 1425 turpis
2281 1360 2433 1425 pacis,
2488 1359 2669 1425 Impe

455 1434 654 1477 ratores
688 1443 777 1491 pro
820 1429 971 1477 tantis
1012 1430 1129 1478 meis
1159 1427 1272 1479 bene

1258 1428 1395 1494 ficiis
1447 1431 1740 1477 donaverunt
1787 1425 1907 1475 asilii
1957 1427 2158 1491 Libyam
2199 1431 2249 1476 et

453 1494 688 1542 nutrirent
711 1493 905 1542 navibus
925 1498 1092 1544 aestate
1114 1494 1281 1543 missis
1302 1494 1537 1569 populum,
1555 1493 1844 1555 Ρνίπσίρεηι,
1858 1496 1906 1540 et
1928 1492 2157 1542 Senatum
2177 1491 2397 1541 bellorum
2412 1490 2670 1552 arbitr-m,

454 1563 502 1606 et
525 1572 589 1605 ex
611 1557 787 1607 duobus
806 1558 1045 1608 littoribus
1066 1561 1196 1609 venti
1233 1558 1509 1610 alternatim
1544 1557 1779 1622 replerent
1808 1558 2044 1619 granaria
2081 1556 2288 1622 publica
2321 1556 2465 1605 urbis.
2532 1555 2668 1604 Tum

453 1623 606 1673 victu
627 1628 782 1674 certas
811 1623 1059 1673 manebat:
1092 1625 1136 1673 σι’
1157 1624 1330 1684 forsan
1352 1625 1594 1689 AEgyptus
1615 1621 1858 1672 recusabat
1882 1620 2214 1687 frumentum,
2235 1620 2544 1686 rependebant
2563 1634 2672 1683 pro-

1379 1751 1437 1771 00
1443 1749 1740 1770 ‘OM‘

454 1836 674 1901 urbesque
697 1838 829 1901 Reg.
853 1837 1024 1889 Oxou.
1050 1853 1126 1902 pr.
1157 1839 1303 1890 Leid.
1333 1853 1413 1902 pr.
1453 1853 1522 1887 m.
1562 1851 1667 1887 sec.
1699 1851 1941 1901 omnesque
1960 1837 2081 1887 Vat.
2096 1851 2173 1900 pr.
2204 1834 2445 1897 orbemque

2465 1831 2671 1883 Moret.

454 1916 558 1953 sec.
598 1902 714 1952 Ald.
765 1903 989 1967 urbesque
1025 1905 1228 1954 Tholas.
1253 1902 1501 1954 Heinsius
1534 1904 1848 1966 ascripserat
1878 1916 1965 1952 ιιι.
1998 1901 2199 1965 Paneg.
2234 1900 2405 1949 Stilic.
2433 1901 2556 1950 284.
2589 1897 2673 1945 leo·

455 1968 689 2031 niuesque
710 1976 815 2017 tres
849 1970 991 2020 Vatt.
1031 1971 1177 2020 Farn.
1212 1969 1349 2019 Pric.
1384 1968 1719 2018 Rott.oise1.
1771 1969 2091 2030 hominunm

1354 2033 1541 2083 Petav.
1565 2048 1627 2097 pr
1630 2037 1774 2083 .—-49
1805 2048 1922 2082 rura
1945 2032 2111 2082 Oisel.
2115 2035 2243 2082 —50
2275 2029 2422 2094 elapsi
2441 2030 2570 2079 Vat.
2591 2042 2671 2091 pr.

458 2031 672 2147 Ῑῖιιίἴιιεἰ
675 2033 898 2097 urbesque
923 2035 1004 2084 vel
1041 2035 1333 2099 hominesque

455 2110 483 2145 e
575 2113 632 2146 er

716 2099 859 2148 Pric.
897 2098 1060 2149 Oisel.
1093 2097 1272 2150 Ambr.
1303 2106 1427 2149 tert.
1450 2100 1585 2147 Exc.

2112 1967 2228 2018 Pal.
2249 1964 2397 2015 Med.
2421 1978 2501 2027 pr.
2538 1976 2675 2012 unus

1624 2099 1776 2148 Laeti.
1796 2103 1844 2147 et
1866 2098 1985 2161 lapsi
2005 2098 2150 2147 Leid.
2175 2112 2253 2161 pr.
2277 2101 2333 2145 et
2368 2093 2673 2144 octodecim

457 2162 564 2223 alii,
587 2162 668 2212 ed.
689 2163 861 2213 Vicet.
887 2163 1015 2212 Exc.
1041 2164 1258 2214 Gevart.
1299 2164 1424 2213 item
1461 2164 1584 2214 Var.
1607 2164 1709 2213 LL.
1743 2162 1826 2213 ed.
1863 2161 2021 2212 Antv.
2054 2162 2241 2225 etlapsi
2263 2161 2345 2209 vel
2352 2145 2519 2223 elapsi
2539 2158 2671 2207 Vat.

453 2234 623 2290 quart.
625 2233 753 2277 —51
788 2227 992 2278 Artibus
1010 2229 1154 2280 Med.
1179 2243 1256 2291 p.r
1277 2228 1458 2279 Ambr.
1483 2242 1591 2279 sec.
1615 2242 1742 2277 unus
1763 2227 1953 2277 Heius.
1989 2228 2134 2277 senile
2156 2229 2237 2276 ed.
2261 2226 2433 2275 Vicet.
2482 2224 2672 2273 servire

452 2292 769 2355 conjiciebat
795 2292 975 2342 Heius.
980 2298 1107 2343 -62
1142 2295 1309 2344 Nilum
1330 2294 1615 2370 Libyamque
1639 2293 1833 2342 Moret.
1865 2307 1943 2356 pr.
1962 2293 2084 2343 Vat.
2106 2307 2211 2344 sec.
2245 2290 2450 2355 Libyam

2472 2290 2674 2340 Nilum-

454 2372 543 2419 que
546 2308 694 2408 J.Exc
715 2357 914 2408 Schott.
939 2359 1229 2410 Gronovius
1251 2360 1567 2422 ascripserat
1590 2359 1756 2407 locum
1779 2357 1950 2408 Tacit.
1988 2372 2051 2407 11.
2087 2358 2225 2408 Αιιιι.
2250 2372 2297 2407 c.
2320 2361 2403 2406 59.
2434 2356 2676 2405 aeder-unt

454 2422 596 2473 Prie.
599 2427 728 2472 -54
760 2423 932 2474 alerem
953 2421 1097 2474 Pric.
1133 2425 1233 2476 inc.
1268 2423 1451 2475 Heius.
1486 2423 1554 2474 ad
1591 2423 1682 2474 illa
1707 2423 1944 2474 classibus
1963 2423 2143 2474 estivis
2164 2422 2481 2499 ascripserat
2503 2420 2676 2471 Hein-

453 2488 558 2538 sius
580 2488 748 2539 locum
772 2491 1048 2553 Spartiani
1073 2490 1127 2540 in
1152 2491 1464 2554 Commodo
1487 2490 1745 2540 ‘classem
1768 2489 2068 2546 Africanam
2092 2488 2379 2549 constituit,
2400 2502 2518 2553 quae
2549 2484 2672 2536 sub·

453 2553 586 2603 sidio
611 2560 768 2617 esset,
806 2555 849 2604 si
886 2554 1026 2606 forte
1048 2555 1399 2606 Alexandrina
1427 2527 1692 2604 frumenta
1714 2554 2039 2605 cessassent?
2066 2554 2133 2604 de
2170 2555 2246 2603 his
2268 2552 2522 2603 classibus
2549 2551 2674 2600 vide

452 2619 621 2683 Lipsii
643 2620 827 2669 Electa
845 2627 902 2671 et
935 2622 1279 2672 Contarennm
1303 2621 1369 2671 de
1388 2636 1444 2670 re
1466 2619 1823 2670 frumentaria.
1825 2626 1953 2670 —55
1976 2620 2119 2669 divisi
2141 2619 2291 2669 Leid.
2309 2632 2390 2683 pr.
2409 2625 2467 2667 et
2485 2617 2670 2666 Vicet.

450 2686 735 2749 complerant
765 2684 891 2736 Pric
895 2691 1043 2738 .—-56
1075 2686 1300 2752 Nimpltis
1326 2687 1472 2737 Rott.
1474 2689 1603 2736 -57
1634 2687 1841 2750 parilem
1859 2687 1982 2736 Vat.
2016 2700 2098 2749 pr.
2122 2683 2288 2736 Oisel.
2323 2684 2558 2734 Floreat.
2597 2695 2671 2731 m.

1449 2815 1675 2868 NOTAE

520 2932 586 2977 50
623 2928 806 2979 Priscis
824 2929 1034 2993 artibus]
1080 2930 1328 2995 Antiquae
1352 2928 1517 2979 oblita

1595 2930 1702 2979 late
1722 2945 1898 2995 regem
1918 2947 1934 2992 ;
1966 2929 2216 2980 Senatum
2235 2930 2564 2994 bellatorem,
2582 2944 2673 2980 cu·

459 3005 767 3069 disciplinae,
783 3023 899 3073 quae
912 3002 1126 3059 fovebat
1142 3009 1517 3073 frugalitatem,
1586 3007 1674 3072 jus
1692 3014 1824 3057 nutu
1848 3008 1983 3058 bella
2003 3015 2331 3073 gererentur.

455 3084 756 3134 removebat
780 3085 972 3148 luxum,
989 3085 1078 3149 qui
1113 3085 1229 3149 paci
1252 3085 1519 3135 successit.

448 3161 467 3186 ‘⁴
491 3158 698 3223 Quippe
745 3168 944 3211 remoto
1003 3162 1330 3226 Carthaginis
1375 3168 1518 3211 metu

454 3237 756 3303 sublataque
777 3239 981 3304 imperii
1000 3240 1201 3303 oemula,
1218 3253 1320 3289 non
1335 3238 1519 3304 gradu,

454 3315 544 3363 sed
580 3315 843 3380 praecipiti
884 3331 1037 3366 cursu
1067 3331 1098 3365 a
1135 3315 1331 3365 virtute
1366 3315 1517 3364 disci-

452 3397 579 3454 tum,
603 3391 669 3440 ad
689 3391 813 3442 vitia
839 3391 1225 3443 transcursum.'
1264 3392 1516 3441 Velleius.

451 3468 629 3534 quue·
678 3467 907 3521 futurum
953 3469 1274 3535 praedixerat
1334 3470 1516 3533 Scipio

346 3594 347 3597 ,
449 3544 663 3607 Nasica,
684 3545 806 3595 dum
841 3554 1025 3596 contra
1046 3547 1295 3597 Catonem
1328 3544 1516 3610 proba-

453 3621 542 3673 bat
566 3623 928 3689 Carthaginem
962 3638 1063 3674 non
1086 3638 1200 3674 esse
1223 3621 1515 3673 delendam.

516 3704 578 3750 51
615 3700 819 3764 Servile]
875 3702 1064 3751 Servili
1097 3702 1267 3762 modo,
1289 3701 1515 3765 turpiter

450 3778 816 3840 elanguescere
836 3777 970 3842 coepi
995 3777 1047 3827 in
1069 3778 1184 3828 sinu
1216 3777 1362 3842 pacis
1388 3783 1516 3827 tutae

452 3867 514 3901 ac
538 3851 823 3915 profundae.

512 3933 576 3978 52
610 3929 834 3994 Libyam]
867 3928 1036 3981 Aucto
1059 3933 1247 3996 populo
1270 3932 1518 3995 Romane,

448 4003 624 4069 fruges
660 4005 808 4055 Italae
845 4007 1141 4074 Siculaeque
1170 4024 1271 4059 non
1294 4008 1517 4060 sufficie-

445 4083 606 4133 bant:
642 4083 835 4132 additae
860 4084 1064 4147 classes,
1084 4102 1198 4150 quae
1217 4101 1283 4136 ex
1306 4086 1510 4151 Africa,

1663 3090 1728 3135 54
1764 3085 1966 3134 Gemino
2008 3084 2193 3148 littore]
2269 3085 2349 3135 Ex
2385 3083 2571 3135 littore
2609 3090 2668 3133 et

1599 3161 1781 3226 Libyae
1804 3167 1863 3211 ct
1879 3161 2108 3226 AEgypti.

1665 3245 1729 3290 55
1767 3238 2086 3305 Complereat]
2131 3240 2252 3289 Non
2276 3239 2418 3290 venti
2454 3237 2668 3305 quidem

1597 3317 1698 3382 ipsi
1750 3316 1984 3368 afflantes
2034 3333 2099 3366 ex
2144 3316 2296 3366 variis
2343 3316 2668 3381 regionibus,

1597 3396 1762 3461 Libya
1782 3396 1985 3446 scilicet
2028 3402 2085 3446 et
2120 3396 2370 3461 AEgypto,
2393 3395 2671 3458 replerent

1595 3474 1799 3538 horrea,
1820 3473 1911 3522 sed
1949 3472 2276 3537 impellerent
2297 3474 2488 3523 classes
2512 3488 2669 3523 onus·

1596 3557 1675 3601 tas
1700 3549 1981 3613 frumento,
2015 3549 2153 3614 qnod
2184 3551 2415 3614 repleret
2448 3549 2664 3610 horrea,

1593 3643 1708 3692 quae
1731 3618 1785 3676 in
1807 3626 1934 3676 urbe
1956 3632 2227 3677 numerata
2249 3633 2370 3677 sunt
2383 3627 2665 3693 plusquam

1593 3712 1851 3757 trecenta.

1661 3787 1726 3833 56
1759 3782 1953 3846 Stabat]
1984 3781 2158 3833 Firma
2178 3785 2310 3843 erat,
2344 3785 2401 3830 et
2437 3779 2544 3830 fixa
2578 3792 2664 3828 re·

1594 3860 1839 3912 manebat
1854 3861 2011 3922 salus,
2031 3872 2122 3908 seu
2142 3864 2318 3908 certus
2335 3856 2531 3918 victus,
2546 3872 2663 3908 cer·
2689 3882 2694 3883 ff

1596 3945 1707 3990 tum
1748 3938 2068 4001 alimentum,
2102 3950 2207 4002 quo
2244 3935 2353 3986 vita
2391 3951 2484 3987 seu
2521 3939 2664 3987 salus

1593 4015 1823 4066 fovetur.

1657 4091 1921 4156 Memphis]
1952 4089 2094 4142 Urbs
2129 4089 2365 4155 AEgypti,
2399 4090 2555 4155 vulgo
2586 4091 2662 4140 Le

449 4167 506 4211 et
527 4161 774 4224 AEgypto,
797 4160 885 4211 ubi
905 4168 986 4212 est
1006 4163 1177 4229 Nilus,
1198 4163 1510 4216 frumentum
1588 4171 1746 4234 grand
1770 4168 1929 4231 Caire,
1947 4167 2157 4233 ponitur
2172 4181 2269 4231 pro
2289 4173 2400 4217 tota
2413 4168 2661 4232 AEgypto,

451 4244 795 4301 asportarent.

1590 4262 1709 4312 pars
1731 4262 1827 4313 pro
1849 4252 1982 4299 toto.
2017 4244 2154 4296 Vide
2176 4258 2255 4297 tv.
2275 4245 2431 4299 eous.
2450 4244 2655 4297 Honor.
2691 4284 2694 4287 .

515 4317 578 4362 63
601 4313 856 4364 Domitiam
872 4313 1072 4380 plebem]
1106 4316 1365 4383 Populum
1384 4319 1511 4370 alias
1587 4328 1702 4377 6⁷⁰.
