2925 4928
487 382 622 448 400
919 437 927 443 .
1215 397 1330 447 Οῐι.
1374 398 1807 451 cLAumAm
1851 405 1975 455 XV.

491 534 629 615 Qui
653 538 863 615 stetin
904 541 1211 620 aequatur
1240 556 1510 621 campe,
1537 539 1911 624 collataque
1934 544 2153 612 nescit

489 637 921 724 MaJestatem
952 640 1175 704 acies:
1222 640 1338 704 sed
1370 641 1553 724 quod
1585 645 1797 726 magis
1812 645 1983 709 utile
2010 646 2218 726 facte,
2272 709 2279 716 .

485 743 718 828 Atque
748 744 921 807 hosti
951 744 1248 824 graviuS‚
1294 764 1531 809 sensus
1560 746 1849 824 adverte,
1880 746 2170 813 docebo·

484 848 611 912 Est
629 848 730 911 illi
760 848 1085 932 patribuS,
1117 847 1234 912 sed
1266 868 1398 913 non
1427 854 1495 914 et
1524 850 1844 929 moribUS,
1891 851 2104 917 isdem
2678 919 2687 926 ,

485 949 865 1034 Masceze13
909 951 1174 1034 fugiens
1204 952 1322 1036 qui
1350 952 1494 1016 dira
1520 952 1791 1036 piacula
1819 953 2065 1035 fratriS,
2555 955 2691 1028 390

477 1119 612 1168 stetit
637 1119 689 1168 iu
711 1134 873 1177 arena,
903 1119 974 1185 fit
991 1118 1214 1182 oequalis,·
1246 1124 1291 1169 et
1314 1120 1551 1170 exercitus
1573 1121 1830 1171 instructus
1864 1138 1956 1171 non
1997 1121 2194 1187 respicit
2233 1121 2555 1186 Inde-etatem,
2620 1119 2697 1175 Δῖ

476 1187 598 1247 quod
637 1186 790 1248 magis
813 1188 1205 1234 accommodatam
1245 1190 1318 1235 est
1357 1188 1505 1250 operi,
1542 1192 1682 1250 atque
1716 1187 1929 1237 acerbius
1950 1188 2075 1236 hosti
2108 1191 2349 1238 edendam
2373 1189 2488 1251 tibi,
2522 1189 2700 1240 adhib«

476 1254 692 1300 mentem,
773 1251 866 1298 Est
919 1251 991 1299 illi
1038 1250 1254 1300 Gildoni
1293 1251 1459 1311 frater
1515 1254 1748 1302 Mascezel
1784 1255 1941 1302 eodem
1984 1268 2175 1315 genere,
2217 1256 2300 1303 sed
2353 1270 2446 1303 non
2501 1255 2697 1306 eodem

474 1315 685 1381 ingenio,
732 1316 816 1380 qui
876 1317 1058 1365 evitans
1114 1317 1313 1366 crimina
1352 1318 1560 1366 crudelia
1602 1316 1782 1378 fratris
1828 1319 1925 1383 sui,
1977 1318 2198 1383 credidit,
2241 1325 2289 1368 ct
2330 1335 2437 1384 spes
2473 1336 2600 1386 suas,
2646 1325 2697 1371 et

1385 1438 1742 1458 OOOOOOOOOOOO

474 1519 578 1568 inc.
604 1520 789 1570 Heius.
823 1525 941 1582 agat
973 1522 1094 1570 Vat.
1140 1534 1244 1571 sec,
1285 1519 1465 1571 Ambr.
1509 1527 1633 1570 ten-t.
1690 1526 1801 1582 aget
1835 1522 1966 1571 Exc.
1989 1522 2142 1571 Laeti.
2176 1522 2314 1572 hahet
2333 1521 2478 1573 Prie.
2511 1522 2695 1574 utinm

477 1585 622 1635 Leid.
646 1600 725 1649 pr.
747 1587 876 1649 Reg.
901 1602 968 1635 m.
994 1602 1096 1636 sec.
1121 1588 1222 1635 dno
1242 1586 1413 1636 Oxou.
1435 1587 1653 1636 totidem
1677 1587 1860 1636 Petav.
1880 1589 2004 1636 Vat.
2029 1587 2194 1636 Livin.
2213 1588 2336 1637 Pat.
2362 1588 2557 1638 Mon-et.
2575 1603 2692 1639 seo.

472 1650 657 1700 Ambr.
682 1658 803 1701 tert.
825 1659 931 1701 vet.
952 1652 1081 1716 Gyr.
1118 1653 1329 1700 minuent
1350 1652 1584 1701 Floreat.
1618 1651 1837 1701 minuunt
1856 1659 1963 1701 tres
1978 1654 2121 1702 Vatt.
2142 1653 2289 1702 Rott.
2308 1652 2478 1702 Oisel.
2511 1654 2697 1703 ”tinuit

471 1715 557 1764 vei
601 1716 821 1765 minuunt
858 1717 958 1766 duo
990 1717 1135 1766 Med.
1191 1719 1369 1766 minuet
1407 1718 1492 1765 vel
1546 1716 1768 1767 minuunt
1801 1718 2091 1768 Fun—386
2137 1718 2388 1773 Quinem
2410 1718 2557 1769 Med.
2578 1733 2697 1770 sec.

472 1779 655 1838 Heius.
669 1782 753 1831 hic
775 1783 977 1832 notavit
999 1788 1128 1831 stare
1146 1797 1241 1845 pro
1270 1797 1488 1846 pugnare
1511 1782 1819 1847 quandoque
1842 1783 2082 1845 inveniri,
2097 1788 2152 1834 et
2175 1783 2489 1847 ascripserat
2510 1784 2693 1834 locum

469 1846 733 1909 Spartiani
767 1848 818 1896 in
844 1848 1114 1897 Caracalla
1139 1864 1188 1911 p.
1214 1852 1296 1898 87.
1346 1851 1360 1875 ‘
1386 1854 1568 1897 contra
1592 1849 1795 1897 leonem
1830 1850 1985 1898 etiam
2023 1848 2367 1898 stetit.’-38⁷
2396 1864 2489 1911 qua
2527 1851 2696 1911 magis

471 1910 622 1961 Rott.
674 1913 718 1961 si
740 1916 860 1977 quod
882 1915 1034 1975 magis
1056 1914 1285 1962 Florent.
1315 1928 1380 1962 m.
1407 1913 1493 1976 pr.'
1536 1914 1618 1961 sed
1639 1913 1751 1977 quiet
1773 1914 1926 1976 magis
1946 1915 2157 1976 legebat
2181 1913 2446 1963 Heinsius.
2492 1913 2695 1973 factum

468 1976 668 2028 Mazar.
689 1980 856 2028 Oisel.
891 1980 1086 2028 Moret.
1109 1993 1213 2028 sec.
1238 1977 1375 2038 facto
1400 1979 1503 2028 duo
1526 1979 1672 2028 Vatt.
1696 1979 1811 2028 Pal.
1831 1980 1972 2028 Prie.
1997 1980 2142 2030 Rott.
2164 1980 2360 2028 Thuan.
2380 1978 2577 2028 Meret.
2602 1994 2692 2042 pr.

470 2043 654 2094 Petav.
679 2059 786 2095 sec.
809 2045 980 2095 Oxou.
1006 2058 1111 2093 sec.
1137 2043 1239 2093 duo
1279 2044 1428 2094 Leid.
1454 2043 1575 2092 Ald.
1602 2053 1655 2093 et
1687 2044 1817 2094 Exc.
1843 2045 2063 2095 Gevart.
2090 2043 2235 2105 sactu
2256 2045 2386 2107 Reg.
2411 2044 2537 2094 Pat.
2560 2046 2694 2096 Vet.

469 2107 598 2170 Gyr.
623 2109 822 2158 Bouon.
862 2110 1008 2158 Med.
1044 2116 1215 2173 quart.
1251 2108 1353 2158 duo
1388 2110 1577 2158 PetaV.
1600 2109 1776 2169 Vicet.
1799 2109 1939 2170 facto
1963 2110 2046 2159 vel
2070 2109 2213 2169 sactu
2238 2110 2364 2159 Lov-
2389 2107 2563 2160 Oxon.
2601 2124 2690 2175 pr,

455 2171 644 2230 sactum
671 2175 753 2223 vel
790 2174 929 2234 facto
952 2176 1034 2223 vel
1079 2174 1222 2232 factu
1245 2174 1368 2224 Put.
1412 2173 1551 2234 facto
1590 2174 1777 2225 Sched.
1814 2176 2015 2224 Schott.
2040 2174 2094 2223 in
2122 2174 2309 2244 quibus
2345 2188 2377 2224 a
2415 2174 2693 2236 Gronovio

464 2244 701 2288 notatum
726 2241 916 2289 eratin
954 2240 1066 2288 aliis
1112 2254 1248 2288 cerno
1282 2239 1404 2303 legi.
1474 2240 1719 2292 Heinsius
1760 2240 2075 2305 ascripserat
2113 2241 2280 2290 locum
2302 2239 2584 2303 Spartian.
2629 2239 2691 2290 in

445 2300 624 2361 Didio
662 2304 887 2355 Julian0.
922 2306 935 2331 ‘
965 2306 1266 2354 Convocato
1299 2307 1513 2364 Senatu,
1553 2304 1886 2369 quaesitisque
1912 2306 2204 2367 sententiiS,
2233 2305 2355 2368 quid
2385 2303 2529 2354 facto
2553 2320 2690 2369 opus

349 2366 360 2372 ’
463 2367 643 2420 esset.'
678 2376 733 2418 et
755 2370 938 2419 Victor
957 2370 1008 2417 in
1034 2371 1242 2422 Severo.
1266 2372 1280 2399 ‘
1304 2385 1415 2433 quae
1444 2368 1587 2418 metu
1614 2370 1810 2421 a1·dua.'.
1844 2371 2022 2426 animos
2042 2373 2235 2420 adverte
2259 2370 2381 2420 Vat.
2402 2375 2525 2419 tert.
2548 2385 2689 2419 acer·

461 2437 511 2482 te
535 2433 848 2485 Farn.—-aso
872 2434 1212 2500 patribusduo
1237 2435 1381 2487 Leid.
1406 2441 1462 2485 et
1483 2435 1665 2498 viginti
1690 2436 1797 2498 alii,
1822 2435 1943 2487 Ald.
1966 2436 2047 2487 ed.
2072 2436 2243 2486 Parm.
2269 2443 2324 2486 et
2346 2435 2523 2488 Vicet.
2548 2436 2686 2488 Exc-

462 2498 593 2551 eod.
618 2501 799 2553 Rhem.
823 2509 876 2550 et
897 2502 1097 2552 Ruben.
1127 2506 1327 2565 patruus
1350 2508 1552 2564 septem
1572 2502 1675 2551 aiii.
1697 2508 1899 2565 patruus
1920 2503 2002 2552 vel
2030 2502 2250 2565 patribus
2268 2501 2391 2555 Vat.
2412 2501 2688 2565 pr.Oxou.

458 2577 566 2613 sec.
605 2565 772 2626 frater
793 2582 885 2616 mm
904 2582 1000 2631 pro
1036 2569 1117 2617 sed
1137 2583 1228 2617 non
1249 2574 1297 2617 et
1320 2567 1467 2618 Med.
1492 2574 1662 2630 quart.
1695 2583 1785 2616 non
1826 2575 1897 2617 est
1929 2568 2134 2618 moribus
2168 2569 2324 2618 Fara.
2376 2568 2501 2616 idem
2531 2566 2683 2619 Prie.

461 2629 626 2680 Oisel.
674 2632 802 2697 Reg.
832 2633 1035 2683 Thuan.
1078 2633 1274 2683 Moret.
1306 2647 1388 2697 pr.
1432 2634 1556 2681 idem
1588 2633 1670 2681 vel
1701 2633 1851 2682 isdem
1874 2635 1993 2683 Vat.
2019 2637 2262 2696 piu—390
2297 2633 2536 2682 Mascezec
2558 2633 2687 2684 Vat-

457 2709 541 2758 pr.
564 2696 708 2746 Med.
734 2713 812 2761 pr.
837 2697 1020 2749 Ambr.
1057 2705 1180 2748 tert.
1203 2708 1311 2748 vet.
1345 2698 1475 2761 Gyr.
1504 2697 1635 2747 Exc.
1663 2696 1802 2747 Laeti
1825 2706 1880 2748 et
1902 2698 2105 2749 Ruben.
2138 2699 2382 2748 Mascezer
2398 2697 2542 2747 Rott.
2566 2697 2689 2751 Ma-

460 2775 565 2810 zar.
602 2763 860 2812 Marce-stet
878 2765 1075 2814 Thuan.
1112 2764 1351 2813 Mascezes
1370 2764 1521 2814 Leid.
1545 2778 1624 2827 pr.
1649 2764 1835 2815 Petav.
1858 2779 1962 2814 sec.
1981 2764 2164 2814 Ambr.
2186 2778 2293 2813 sec.
2315 2763 2520 2813 Tholos.
2544 2763 2681 2814 Exc-

459 2825 678 2877 Gevart.
712 2829 951 2878 Mmetes
976 2829 1213 2879 Vat.sec.
1237 2830 1360 2879 Put.
1387 2827 1571 2880 Ambr.
1597 2843 1675 2893 pr.
1698 2829 1885 2879 Sched.
1913 2829 2056 2880 Gud.
2083 2830 2318 2877 Mamm
2342 2826 2505 2878 Oisel.
2540 2828 2682 2877 Mas-

453 2893 602 2941 celzes
622 2894 743 2943 Vat.
769 2900 890 2945 tert.
947 2895 1215 2945 Mascerzes
1248 2895 1349 2944 inc.
1386 2895 1574 2944 Heius.
1626 2894 1861 2945 Met-§setes
1886 2896 2090 2949 Bonon.
2124 2895 2362 2943 Maxeres
2392 2893 2509 2942 Pal.
2545 2894 2682 2942 Mus-

455 2957 607 3005 celzer
642 2957 783 3008 Pric.
825 2961 1060 3008 Florent.
1115 2960 1361 3009 Murcezer
1399 2959 1545 3009 Med.
1599 2974 1702 3009 sec.
1749 2961 1943 3013 Moret.
2003 2975 2083 3023 pr.
2137 2960 2358 3009 Macezer
2388 2958 2471 3008 ed.
2495 2958 2679 3009 Vicet-

456 3022 722 3073 Malcelver
783 3024 968 3074 Petav.
1035 3037 1114 3088 pr.
1185 3025 1421 3073 Malceter
1480 3026 1605 3087 var,
1668 3025 1770 3076 LL.
1837 3024 1921 3076 ed.
1965 3024 2127 3074 Antv.
2194 3025 2435 3073 Maulcer
2495 3023 2676 3073 Oxou.

453 3100 537 3148 pr.
590 3089 869 3138 Mas-serieres
905 3091 1058 3141 Farn.
1115 3090 1414 3152 Massagetes
1457 3090 1579 3139 Vat.
1625 3090 1793 3152 quint.
1838 3089 1984 3139 Med.
2030 3096 2155 3139 tert.
2206 3090 2328 3138 Lat.
2377 3089 2680 3151 Massegeteo

454 3151 652 3204 Moret.
709 3170 815 3205 sec.
865 3157 1159 3217 Mas-segetes
1185 3158 1285 3219 ‚vel
1360 3155 1584 3204 Macezer
1645 3155 1790 3204 Med.
1853 3161 2022 3219 quart.
2099 3155 2339 3207 Mascezes
2380 3154 2464 3203 vei
2536 3154 2677 3203 Μω-

452 3224 636 3279 sugeres
674 3220 822 3269 Leid.
864 3235 967 3270 sec.
1025 3222 1283 3270 Mascelzes
1327 3221 1410 3269 vel
1460 3221 1748 3269 Massacales
1800 3221 1930 3270 Lov·
1988 3220 2251 3269 Marcelzer
2296 3220 2377 3267 vel
2431 3219 2680 3267 Massezer

453 3281 643 3333 Petav.
697 3299 778 3347 pr.
813 3287 1047 3335 Mussetes
1081 3286 1165 3333 vel
1213 3286 1455 3334 Muscezes
1482 3285 1654 3335 Oxou.
1700 3300 1802 3334 sec.
1858 3284 2092 3349 effugiens
2131 3286 2261 3333 Exc.
2299 3283 2501 3333 Ruben.
2547 3285 2673 3335 dura

451 3346 576 3399 Vat.
617 3350 783 3414 quint.
828 3352 1055 3400 Florent.
1095 3351 1296 3400 Bonon.
1337 3350 1458 3400 Pat.
1501 3348 1682 3400 Ambr.
1716 3365 1797 3414 pr.
1838 3351 2011 3400 Oxou.
2051 3364 2154 3400 sec.
2178 3348 2367 3398 Petav.
2387 3354 2514 3399 tert.
2547 3350 2671 3398 dura

453 3413 541 3465 vel
590 3415 698 3464 dira
719 3416 849 3481 Reg.
897 3417 1111 3481 pericula
1141 3417 1295 3466 Farn.
1336 3415 1464 3464 Put.
1504 3416 1625 3466 Pat.
1674 3414 1858 3465 Ambr.
1901 3429 2004 3466 sec.
2047 3414 2206 3480 patris
2249 3414 2364 3464 Pal.
2401 3413 2547 3464 Med.
2587 3427 2669 3479 pr.

1447 3548 1662 3599 NOTAE

514 3651 612 3696 386
664 3645 762 3701 Qui
790 3646 949 3710 stetit]
1027 3647 1283 3713 Princeps
1330 3647 1416 3712 qui
1457 3662 1514 3696 se
1597 3652 1708 3697 est:
1748 3646 1919 3697 studia
1940 3644 2159 3697 fratrum
2193 3650 2314 3696 sunt
2336 3657 2477 3709 saepe
2502 3645 2667 3697 diver·

450 3725 725 3788 commisit,
747 3726 835 3790 qui
857 3726 1008 3776 stetit
1045 3726 1098 3775 in
1136 3728 1267 3790 acie,
1305 3726 1366 3776 fit
1391 3742 1516 3791 quo-
1595 3739 1670 3785 sa,
1704 3732 1760 3775 et
1798 3725 1938 3776 inter
1977 3740 2032 3775 se
2067 3725 2370 3790 pugnantia.
2405 3723 2664 3776 Ovidius:

447 3801 721 3851 dammodo
745 3803 959 3867 aequalis
983 3804 1033 3852 iu
1058 3818 1261 3869 campo,
1300 3811 1353 3853 et
1369 3818 1518 3854 exer·
1596 3802 1613 3830 ⁴
1639 3803 1875 3852 Fratrum
1901 3817 2106 3867 quoqne
2130 3802 2300 3867 gratia
2324 3816 2441 3851 rara
2463 3800 2582 3851 est.’

448 3878 583 3928 citus
628 3879 765 3927 inter
805 3880 951 3929 tubas
996 3896 1094 3929 non
1154 3881 1366 3946 respicit
1407 3897 1511 3931 am·
1659 3883 1756 3929 390
1791 3881 2048 3944 mascezel]
2099 3880 2296 3944 Magna
2332 3883 2480 3928 certe
2518 3892 2662 3941 saga·

447 3954 584 4017 plius
612 3954 951 4019 Majestatem
982 3957 1241 4021 Principis
1276 3959 1512 4008 Romani.
1593 3958 1725 4006 citas
1778 3957 2095 4021 Stilichonis,
2121 3953 2125 3958 ’
2154 3958 2242 4023 qui
2288 3972 2406 4006 cum
2452 3956 2659 4004 nomine

447 4031 603 4082 Unde
636 4020 912 4095 Principes
939 4033 990 4081 in
1020 4034 1154 4084 beno
1172 4035 1515 4085 cuminferio-
1580 4034 1814 4084 'Honor-ii
1852 4049 1954 4084 nou
2008 4043 2184 4098 posset
2229 4034 2421 4083 bellum
2465 4032 2658 4083 inferre

444 4108 587 4158 ribus
629 4124 861 4172 pugnare
901 4125 1000 4160 non
1032 4111 1259 4163 debent:
1309 4129 1425 4163 nam
1468 4115 1512 4163 si
1594 4113 1805 4165 Gildoni
1840 4114 1950 4163 sine
1983 4113 2176 4165 offensa
2201 4112 2435 4176 Arcadii,
2456 4112 2676 4163 Maece-²

445 4184 679 4248 vincant,
711 4186 873 4249 gioria
917 4191 1107 4252 exigua
1147 4195 1263 4253 est3
1318 4190 1360 4256 si
1398 4191 1510 4241 viu·
1591 4190 1750 4238 zelem
1776 4190 1981 4252 privata
2003 4191 2191 4256 injuria
2225 4205 2500 4240 accensum
2524 4203 2655 4239 sum·

444 4267 651 4324 cantur,
684 4264 880 4327 grande
904 4265 1149 4318 dedecus.
1217 4264 1228 4271 ’
1587 4265 1729 4316 misit
1764 4265 1815 4315 in
1849 4265 2065 4317 fratrem
2090 4266 2389 4329 Gildonem,
2422 4266 2510 4332 qui
2531 4280 2650 4315 mox

508 4342 607 4391 389
638 4339 711 4391 At
730 4355 821 4392 uon
842 4347 889 4393 et
912 4342 1140 4407 moribus]
1186 4342 1301 4396 Nec
1320 4344 1510 4397 mirum
1588 4359 1769 4395 versus
1791 4343 1846 4394 in
1868 4345 2286 4414 desperationem
2319 4344 2544 4412 seipsum
2565 4359 2650 4396 oc-
