2925 4928
457 371 594 445 m
1121 384 1241 444 ut..
1285 386 1719 439 anumAm
1764 386 1999 439 xvtu.

460 533 769 616 Crimine,
799 533 1132 621 procedat
1154 536 1395 601 laxata
1423 535 1756 620 compede
1785 532 2077 602 Consul:

460 640 702 726 Rupta
730 640 1107 720 Quirinales
1137 646 1408 706 sumant
1434 642 1767 724 ergastula
1795 642 2078 706 cinctus.

459 743 574 809 Da
600 744 836 808 saltem
862 763 1351 827 quemcumque
1375 744 1617 809 virum.
1707 743 2123 809 Discrimina
2149 742 2465 829 quaedam

460 847 632 912 Sunt
656 845 951 924 famulis,
977 844 1422 929 splendorque
1447 864 1644 926 suus;
1687 846 2149 931 maculamque
2175 847 2500 911 minorem
2540 865 2545 870 ·
2585 839 2684 906 30

464 948 886 1014 Conditionis
912 949 1134 1026 habet,
1164 948 1432 1013 domino
1459 950 1579 1033 qui
1606 949 1861 1016 vixerit
1881 950 2020 1014 uni.

462 1053 539 1117 Si
568 1052 786 1137 pelagi
813 1050 1080 1130 fluctuS,
1110 1052 1347 1136 Libyae
1377 1054 1437 1117 si
1465 1054 1681 1117 discis
1712 1072 1971 1133 arcnaS,

373 1217 382 1226 .
461 1154 769 1240 Eutropii
795 1156 1174 1221 numerabis
1201 1156 1418 1220 heros.
1507 1155 1693 1235 Quot
1710 1156 1888 1241 jura,
1920 1163 2089 1243 quot
2117 1157 2232 1222 ille

464 1258 761 1324 Mutavit
786 1259 1079 1336 tabulaS,
1112 1260 1218 1324 vel
1247 1265 1497 1343 quanta
1524 1262 1861 1327 vocabula
1885 1261 2114 1326 vertit!
2168 1274 2181 1285 “

463 1360 777 1427 Nudatus
805 1364 1090 1448 quotieS‚
1121 1363 1451 1427 medicum
1484 1362 1643 1429 dum
1676 1365 1962 1429 consulit
1987 1370 2221 1443 emtor,
2473 1441 2489 1454 ⁶
2593 1360 2688 1427 35

462 1462 575 1529 Ne
602 1484 736 1549 qua
761 1485 882 1550 per
910 1467 1272 1546 occultum,
1302 1468 1508 1532 lateat
1525 1467 1794 1553 jactura
1821 1467 2113 1534 dolorem
2140 1467 2157 1531 l

457 1643 656 1693 mne-dis
689 1643 876 1694 solatis.
945 1644 1121 1694 Cur-cer
1137 1645 1333 1703 fractus
1361 1646 1570 1711 excipiat
1599 1662 1858 1711 purpuram
1900 1646 2220 1695 Consularem.
2286 1643 2473 1693 Saltem
2496 1646 2685 1705 μνεία

457 1710 613 1758 virum
640 1709 860 1772 aliquem.
928 1709 1226 1773 Dtfferentia
1256 1713 1416 1775 aliqua
1445 1718 1517 1762 est
1555 1715 1722 1773 servis,
1755 1718 1801 1761 et
1838 1713 1943 1761 laus
1979 1726 2100 1768 ωιτη
2130 1716 2178 1760 et
2217 1709 2305 1758 ille
2340 1708 2422 1771 qui
2452 1707 2687 1757 servierit

458 1780 662 1824 tantum
675 1774 760 1824 uni
773 1775 957 1823 domino
971 1776 1166 1838 suscipit
1187 1779 1404 1826 leviorem
1418 1777 1670 1837 infamiam
1684 1777 1968 1826 conditionis
1986 1792 2111 1825 suae.
2181 1775 2241 1824 Si
2262 1787 2506 1823 recenseas
2525 1775 2688 1821 andos

457 1841 622 1900 maris,
644 1844 693 1889 et
713 1855 882 1888 arenas
901 1840 1085 1905 Libya»,
1107 1843 1304 1903 poteris
1326 1856 1566 1892 recensere
1581 1844 1792 1892 dominos
1821 1842 2060 1905 Eutropii.
2131 1841 2258 1896 Quot
2276 1840 2359 1889 iae
2374 1840 2684 1902 permutavit

457 1904 684 1964 dominia,
704 1910 817 1968 quot
838 1904 1042 1964 tabulae,
1074 1912 1184 1969 quot
1204 1908 1434 1959 nomina?
1468 1909 1749 1972 Eutropius
1772 1908 1951 1971 quoties
1972 1907 2238 1968 expositus
2261 1911 2341 1953 est
2363 1905 2537 1963 nudus,
2572 1904 2688 1951 dm

459 1969 610 2019 enitor
629 1971 828 2019 consulit
848 1971 1093 2034 medicum,
1125 1987 1185 2021 ne
1213 1974 1336 2036 quod
1367 1974 1590 2023 damnum
1609 1974 1853 2023 delitescat
1869 1987 1959 2036 per
1979 1970 2190 2021 morbum
2211 1975 2386 2020 tectum
2406 1983 2425 2026 ,·
2448 1968 2688 2032 poenituit

1386 2098 1444 2116 ,θ
1451 2097 1753 2118 “oeoaeeeee

460 2165 594 2213 —25
608 2163 784 2213 curulis
797 2163 1125 2214 Bonum—27
1159 2166 1323 2215 luxato
1342 2166 1514 2217 Oxou.
1535 2181 1614 2230 pr.
1646 2167 1820 2217 lassata
1836 2165 1979 2216 Med.
1998 2168 2250 2216 terh—28
2276 2164 2537 2227 Ruptaque
2554 2162 2689 2212 riva-

463 2228 532 2278 les
552 2228 747 2278 Moret.
774 2234 988 2292 pr.—29
1024 2230 1110 2278 Da
1130 2232 1294 2280 saltem
1316 2233 1438 2281 Vat.
1465 2246 1541 2295 pr.
1565 2238 1621 2281 et
1645 2239 1761 2282 tert.
1785 2233 1913 2296 Reg.
1932 2232 2125 2280 Thuan.
2150 2232 2346 2279 Mazar.
2369 2230 2490 2278 Vat.
2512 2228 2690 2278 Livin.

466 2293 574 2343 Das
596 2294 738 2343 Rott.
773 2292 896 2345 Ald.
948 2295 1049 2343 Des
1081 2295 1184 2358 duo
1207 2297 1353 2347 Vatt.
1390 2297 1508 2345 Pal.
1535 2298 1690 2346 Farn.
1716 2298 1859 2347 Pric.
1881 2297 2051 2347 Vicet.
2075 2296 2252 2346 Parm.
2278 2295 2468 2358 lsingr.
2510 2294 2690 2345 Colin.

463 2357 669 2423 Gryph.
699 2358 915 2423 Rapbel.
936 2360 1064 2409 Var.
1090 2360 1194 2409 LL.
1236 2360 1317 2410 ed.
1357 2361 1516 2410 Antv.
1571 2362 1676 2411 Des
1696 2363 1844 2412 alium
1883 2377 2042 2426 marg.
2080 2362 2394 2424 ,lunga—31
2430 2360 2517 2407 uni
2541 2358 2692 2409 Prie.

468 2423 637 2475 Oisel.
661 2424 792 2489 Reg.
816 2424 935 2475 Pat.
974 2440 1066 2475 uno
1108 2431 1212 2475 tres
1233 2427 1379 2476 Vatt.
1412 2427 1528 2477 Pal.
1566 2427 1722 2479 Farn.
1762 2429 1911 2478 Rott.
1951 2427 2115 2478 Oisel.
2153 2427 2312 2476 Gesn.
2356 2424 2439 2474 ed.
2463 2424 2688 2488 Bipont.

466 2489 677 2553 Koenig.
716 2492 801 2540 uui
821 2492 904 2540 vel
927 2505 1026 2539 imo
1052 2492 1277 2541 Florent.
1299 2493 1424 2542 Vat.
1459 2500 1584 2542 tert.
1623 2495 1771 2543 Med.
1795 2508 1899 2545 sec.
1934 2494 2058 2543 Put.
2084 2493 2256 2543 Oxou.
2295 2505 2399 2540 sec.
2426 2491 2690 2539 Heinsius

425 2568 434 2579 ·
466 2555 784 2619 ascripserat
804 2557 976 2605 locum
996 2555 1193 2606 Auson.
1221 2558 1396 2620 Epigr.
1420 2562 1502 2607 91.
1539 2561 1555 2588 ‘
1579 2558 2003 2622 Jurisconsultus‚
2025 2557 2108 2608 cui
2143 2557 2269 2606 vivit
2302 2555 2544 2619 adultera
2568 2569 2691 2603 con·

457 2620 720 2684 jux.'-34
755 2622 971 2682 Mutabit
993 2622 1115 2672 Vat.
1138 2638 1215 2685 pr.
1242 2623 1467 2672 Mutabat
1491 2625 1622 2686 Reg.
1647 2626 1819 2674 Oxou.
1844 2640 1921 2687 pr.
1952 2624 2137 2673 tabulas
2158 2621 2301 2672 Med.
2328 2624 2540 2684 [ηπ-35
2572 2621 2691 2667 Mu-

464 2690 595 2735 tatus
619 2685 760 2735 Prie.
787 2687 888 2735 duo
906 2687 1053 2737 Med.
1073 2688 1277 2737 Thuan.
1297 2689 1489 2738 Petav.
1512 2704 1618 2738 sec.
1640 2691 1833 2739 Moret.
1859 2704 1964 2740 sec.
1983 2689 2190 2738 Tholos.
2215 2694 2322 2736 tres
2347 2685 2534 2734 Ambr.
2562 2683 2691 2734 Ald.

466 2751 595 2801 Exc.
619 2751 837 2801 Gevart.
861 2753 1051 2802 Sched.
1073 2753 1212 2803 Gud.
1233 2754 1358 2803 Var.
1382 2754 1486 2803 LL.
1511 2769 1541 2803 e
1564 2770 1724 2819 marg.
1749 2755 1925 2803 Parm.
1954 2755 2177 2803 Nudatos
2200 2754 2281 2800 vel
2312 2752 2529 2800 Mutatus
2554 2751 2689 2800 Lox'.

467 2816 664 2866 Moret.
690 2832 769 2881 pr.
796 2818 944 2868 Leid.
967 2832 1074 2869 sec.
1095 2820 1240 2869 Med.
1261 2834 1362 2869 sec.
1384 2819 1488 2869 duo
1512 2819 1699 2871 Petav.
1723 2819 2024 2887 totiesJ‘ric.
2049 2820 2242 2869 Moret.
2261 2820 2500 2865 sem—36
2518 2814 2692 2876 jaceat

1464 2963 1674 3014 NOTAE

467 3077 561 3113 seu
585 3061 739 3112 sellas
762 3062 1019 3112 eburneas
1043 3062 1377 3126 dedecorare,
1411 3078 1532 3128 pro·
1675 3068 1735 3115 31
1780 3063 1971 3114 Vixerit
1987 3063 2094 3126 uni]
2117 3060 2309 3111 Procul
2327 3058 2485 3109 dubio
2503 3058 2694 3107 bones·

468 3139 595 3190 deut
616 3140 810 3190 Consul
847 3142 1032 3205 aliquis
1054 3156 1120 3190 ex
1159 3142 1401 3201 metallis,
1442 3142 1530 3206 qui
1611 3140 1716 3192 tior
1732 3147 1789 3191 et
1808 3142 1988 3191 melior
2004 3146 2247 3190 censetur
2267 3138 2353 3186 ille
2370 3149 2575 3196 servus,
2594 3132 2687 3200 qui

470 3218 653 3267 saltem
676 3218 746 3268 sit
769 3217 864 3280 vir,
886 3233 986 3267 uon
1020 3219 1315 3269 Eunuchus.
1381 3218 1531 3268 Servi
1613 3219 1853 3269 addictus
1876 3219 2040 3270 fuerit
2061 3219 2148 3268 uui
2172 3217 2398 3267 domino.
2465 3213 2689 3277 Quippe

471 3294 809 3359 compedibus
854 3296 1015 3347 vincti
1070 3296 1435 3346 retinebantur
1479 3295 1534 3344 in
1613 3298 1749 3346 servi
1765 3311 1984 3362 nequam
1998 3310 2140 3362 saepe
2152 3291 2688 3353 vendebantur-‚stepo

470 3369 681 3422 fodinis·
1613 3373 1886 3423 mutabant
1908 3372 2160 3422 dominos.

533 3452 599 3498 28
637 3448 936 3514 Quirinales]
968 3451 1177 3513 Vestes,
1213 3466 1305 3500 seu
1343 3465 1533 3516 purpu-
1678 3455 1742 3502 33
1774 3451 1924 3515 Jam]
1959 3450 2179 3503 Quoties
2198 3446 2418 3498 mutavit
2435 3443 2692 3508 dominia,

469 3538 580 3574 rum
614 3526 955 3588 consularem,
984 3541 1018 3576 a
1054 3527 1273 3579 Quirino
1312 3541 1405 3576 seu
1432 3527 1535 3575 Ro·
1616 3527 1818 3592 quoties
1840 3528 1892 3576 in
1915 3526 2013 3590 his,
2041 3527 2095 3575 in
2118 3525 2217 3574 illis
2241 3523 2471 3589 scriptus
2501 3528 2589 3570 est
2612 3528 2689 3570 ta-

468 3605 609 3654 mulo
628 3604 939 3654 institutam.
1618 3605 1770 3665 bulis,
1805 3604 1926 3653 dum
1950 3603 2092 3663 huic,
2129 3603 2214 3651 vel
2236 3601 2312 3650 illi
2334 3599 2687 3659 venderetur3

536 3684 740 3734 Sumnt
759 3684 1023 3747 ergastula]
1070 3683 1192 3733 Non
1210 3698 1410 3745 carcer,
1443 3683 1536 3733 sed
1617 3681 1822 3747 quoties
1858 3680 2078 3730 mutavit
2112 3678 2338 3737 nomina,
2373 3675 2497 3725 dum
2532 3673 2688 3738 hujus

469 3775 647 3811 servus
701 3761 886 3827 aliquis
927 3761 980 3809 in
1026 3775 1240 3810 carcere
1281 3761 1533 3811 inclusus:
1616 3761 1700 3810 vel
1724 3759 1935 3810 alterius
1960 3770 2139 3808 servus
2166 3771 2278 3805 esse
2303 3755 2590 3804 diceretur.

472 3840 747 3888 continens
793 3852 886 3900 pro
930 3844 1195 3888 contento.
1288 3840 1537 3903 Ergastu-
1682 3841 1744 3886 35
1783 3834 2033 3896 Nudutus]
2078 3831 2251 3883 Servis
2295 3829 2561 3879 venalibus
2599 3826 2688 3876 de-

472 3915 577 3963 lum
600 3928 756 3979 porro
777 3921 858 3963 est
899 3915 1057 3975 locus,
1094 3915 1146 3963 in
1181 3930 1284 3979 quo
1304 3916 1368 3964 ad
1407 3931 1538 3980 opus
1619 3920 1788 3963 tracta
1812 3912 2140 3971 vestimenta,
2158 3916 2214 3958 ut
2238 3921 2428 3971 corpus
2450 3919 2558 3954 non
2574 3910 2686 3953 tan-

468 3987 763 4039 faciendum
803 3991 935 4039 servi
973 3992 1297 4043 vinciuntur:
1332 3992 1425 4042 ἆπὸ
1452 3995 1541 4043 τοῦ
1619 3999 1728 4040 tum
1752 3990 1818 4040 ab
1842 3997 2064 4050 emtore,
2103 3987 2194 4036 sed
2218 3994 2275 4035 et
2297 3982 2504 4033 medico
2527 3981 2689 4046 inspi-

472 4065 1000 4131 ἕῆόζεσθᾱιψρεναή.
1068 4070 1223 4119 Forte
1250 4071 1434 4120 alludit
1471 4071 1537 4120 ad
1619 4076 1829 4117 ceretur
1852 4072 2289 4128 tractareturque.
2359 4060 2496 4109 Rem
2536 4072 2689 4124 paga·

475 4146 781 4208 Spartacum
800 4146 1135 4207 gladiatorem
1160 4148 1430 4211 insignem,
1446 4149 1535 4213 qui
1618 4157 1800 4192 norum
1836 4142 1976 4203 olim,
2014 4147 2068 4189 et
2101 4138 2257 4188 bodie
2293 4138 2577 4186 'furcarum
2610 4135 2686 4184 in-

474 4219 695 4271 effracto
717 4222 922 4271 Lentuli
944 4222 1066 4271 ludo
1088 4221 1268 4273 fasces.
1283 4223 1537 4276 Praetoris
1616 4219 1774 4270 famia
1796 4217 2032 4283 dignam!

473 4298 771 4363 occupavit.
835 4297 919 4349 De
938 4298 1038 4350 boc
1059 4299 1202 4352 alibi.
1681 4300 1748 4347 86
1778 4295 1955 4347 Latent
1978 4293 2200 4359 jactum]
2251 4292 2446 4344 Lateat
2482 4288 2697 4349 vitium·
