2925 4928
470 367 606 436 326
1189 380 1305 429 ci..
1348 361 1776 444 etiannum
1825 380 1906 429 x.

477 530 727 600 Nostro
756 532 973 612 nupta
999 526 1044 593 J
1048 526 1189 592 ovi:
1236 506 1554 590 devotum
1583 526 1828 590 sentiat
1850 543 2105 611 aequor,

474 632 823 718 Agnoscat
850 632 1169 696 famulum
1198 632 1384 713 virgo
1417 629 1812 694 Stilichonia
1835 638 2132 713 pontum.
2480 665 2514 704 n

484 736 797 802 Victricis
825 755 947 798 nos
980 753 1169 819 spem
1198 736 1461 818 patriae,
1495 734 1913 819 classemque
1944 741 2287 817 paternam

478 837 836 917 VeximuS,
869 837 953 901 ad
986 838 1212 901 tristes
1244 857 1394 902 cum
1426 836 1734 901 tenderet
1765 838 1938 900 ultor
1969 835 2294 902 Achivos·

564 941 611 1005 J
616 961 723 1005 am
754 941 1068 1021 Ligurum
1100 942 1290 1004 terris
1320 940 1710 1024 spumantia
1735 948 2017 1022 pectora
2045 938 2277 1004 Triton
2400 986 2410 995 -
2556 937 2685 1006 18⁰

480 1042 880 1128 Appulerat,
910 1044 1261 1126 lassosque
1291 1042 1480 1107 fretis
1512 1041 1895 1106 extenderat
1920 1044 2139 1106 orbes,

481 1144 809 1212 Continuo
840 1145 1124 1209 sublime
1154 1147 1384 1210 volans
1417 1145 1504 1209 ad
1534 1145 1790 1209 moenia
1820 1144 2038 1209 Gallis

483 1362 693 1425 honores,
711 1378 855 1426 neque
870 1363 1193 1427 Amphitriten
1210 1378 1411 1413 sororem
1435 1367 1664 1426 nostram,
1685 1378 1791 1412 cum
1814 1377 1870 1412 ea
1891 1364 2033 1411 ducta
2056 1368 2126 1411 est
2146 1377 2178 1411 a
2214 1362 2333 1411 Jove
2365 1364 2526 1410 nostro
2546 1360 2692 1424 Nep-

482 1432 624 1477 tuno.
692 1429 856 1476 Puella
879 1428 1164 1478 Stilichonia
1204 1429 1479 1493 experiatur
1516 1443 1645 1477 mare
1685 1428 1775 1477 sibi
1816 1442 1918 1476 esse
1960 1427 2217 1489 addictum,
2258 1430 2504 1489 cognoscat
2549 1440 2694 1489 aquas

474 1491 784 1553 famulantes.
852 1494 954 1541 Nos
976 1493 1255 1558 frequenter
1273 1494 1467 1543 tulimus
1503 1507 1644 1543 naves
1660 1493 1982 1557 triumphales,
2017 1498 2066 1542 et
2103 1493 2294 1541 classem
2323 1492 2478 1554 patris
2507 1490 2696 1554 ipsius,

430 1579 435 1584 ·
472 1573 593 1614 ‘cum
610 1558 782 1607 vindex
803 1558 999 1621 rediret,
1026 1560 1210 1609 Graecis
1249 1558 1535 1623 profligatis.
1600 1560 1714 1608 Jom
1750 1559 1920 1607 Triton
1963 1560 2232 1607 admoverat
2252 1556 2438 1622 finibus
2457 1556 2697 1618 Diguritns

480 1626 647 1687 pectus
680 1638 963 1686 spumosum,
983 1629 1029 1673 et
1059 1630 1339 1688 porrexerat
1377 1640 1514 1674 arcus
1536 1623 1693 1683 sessos
1712 1625 1764 1672 in
1784 1624 1949 1688 aquis.
2016 1624 2087 1672 Et
2106 1623 2273 1671 statim
2296 1622 2386 1671 illa
2406 1621 2614 1670 volitans
2646 1620 2696 1669 in

486 1688 637 1737 altum
657 1690 847 1738 advenit
863 1691 925 1738 ad
945 1690 1107 1740 urbem
1127 1690 1410 1755 edificatam
1434 1706 1465 1738 a
1500 1690 1675 1751 Gallis,
1697 1691 2014 1739 ostendentem
2043 1690 2212 1753 pellem
2243 1687 2342 1736 suis
2372 1686 2530 1735 media
2557 1689 2697 1749 parte

1409 1853 1587 1874 “60“
1591 1852 1765 1877 ‘‘‘‘‘

489 1963 838 2030 Amphitr-indes
860 1968 983 2016 Vat.
1002 1970 1246 2030 pr.-—-176
1257 1967 1493 2017 Nostrum
1506 1964 1651 2030 nupta
1661 1966 1755 2016 sibi
1771 1966 1892 2015 Vat.
1918 1981 1996 2031 pr.
2011 1970 2340 2031 nupta-1⁷⁷
2369 1963 2588 2014 Tritonia
2600 1963 2699 2013 Pe·

493 2036 598 2081 tav.
611 2037 734 2080 tert.
756 2031 1010 2081 Stiliconia
1021 2034 1141 2082 Vat.
1155 2037 1424 2082 sem—178
1441 2032 1655 2081 victricis
1668 2047 1884 2095 nosspem
1897 2032 2072 2095 patria·
2081 2032 2227 2081 Med.
2245 2029 2566 2082 tert.Ambr.
2578 2033 2701 2078 tert.

494 2096 613 2145 cod.
632 2095 1011 2159 Epigr.Ambr.
1029 2096 1156 2147 Exc.
1169 2098 1593 2159 Laeti‚ed.vicet.
1617 2098 1848 2147 Victrices
1857 2112 2065 2160 nossaepe
2078 2103 2201 2146 rates
2213 2096 2577 2148 Este-Lucem.
2593 2107 2698 2142 see.

494 2164 551 2210 et
572 2160 644 2209 ita
667 2160 831 2209 edidit
855 2162 1015 2211 Gesn.
1074 2162 1289 2212 Virtutes
1307 2179 1392 2211 nos
1410 2177 1534 2224 soepe
1554 2163 1709 2225 patris
1730 2162 1918 2211 Petav.
1941 2169 2063 2211 tert.
2106 2162 2334 2214 Victrices
2352 2176 2436 2210 nos
2457 2174 2557 2209 esse
2578 2160 2703 2208 Var-

493 2224 602 2273 LL.
627 2224 710 2276 ed.
735 2226 896 2276 Antv.
942 2227 1163 2276 Victricis
1180 2243 1262 2276 nos
1279 2243 1401 2291 soepe
1416 2228 1608 2290 patria»,
1631 2234 1686 2276 et
1710 2226 1913 2275 emend.
1958 2232 2107 2276 ratem
2148 2226 2291 2275 Leid.
2326 2240 2405 2288 pr.
2468 2223 2702 2274 Victrices

493 2304 577 2337 nos
602 2304 723 2353 soepe
743 2296 873 2340 rates
893 2292 975 2341 vel
1007 2292 1230 2342 Victi-icis
1249 2308 1332 2342 nos
1350 2293 1454 2341 sela
1488 2292 1644 2355 patris
1665 2292 1795 2354 Reg.
1821 2292 1991 2341 Oxou.
2018 2307 2096 2355 pr.
2139 2290 2363 2341 Victi-icis
2384 2304 2515 2352 spem
2530 2288 2705 2353 patrioe

495 2354 581 2403 vel
603 2354 820 2407 victrices
841 2362 970 2408 rates
990 2358 1118 2407 Lov.
1143 2357 1317 2407 Oxou.
1340 2371 1443 2407 sec.
1469 2372 1563 2421 pro
1581 2372 1706 2421 soepe
1728 2357 1974 2406 Heinsius
1992 2371 2156 2420 nempe
2176 2356 2403 2419 legebat.
2447 2356 2707 2417 classesque

491 2423 720 2484 paternas
745 2422 1052 2473 Rott.—179
1084 2425 1146 2472 ad
1167 2424 1329 2473 tristes
1344 2422 1553 2473 Achivos
1575 2430 1681 2473 tres
1703 2422 1988 2474 Vatt.'Pal.
2021 2423 2173 2472 Farn.
2209 2423 2353 2471 Rott.
2395 2420 2545 2470 Med.
2581 2424 2705 2469 tert.

496 2487 561 2534 ad
584 2487 742 2535 tristis
756 2486 956 2536 Achivis
979 2487 1163 2538 Petav.
1187 2503 1291 2539 see.
1311 2505 1379 2539 m.
1403 2504 1486 2553 pr.
1524 2505 1555 2539 a
1588 2490 1730 2538 victis
1749 2488 1949 2538 Achivis
1975 2488 2097 2550 Vat.
2123 2495 2246 2537 tert.
2298 2486 2487 2536 attritis
2508 2484 2708 2535 Achivis

497 2551 621 2602 Vat.
646 2566 721 2615 pr.
743 2552 908 2602 Oisel.
929 2559 1034 2602 veti
1057 2554 1185 2616 Gyr.
1202 2555 1329 2604 Vat.
1351 2555 1517 2604 Livin.
1542 2555 1742 2605 Bonon.
1765 2554 1885 2603 Pat.
1907 2568 1974 2602 m.
1999 2569 2080 2617 pr.
2100 2555 2233 2603 Exc.
2259 2553 2478 2602 Lucens.
2512 2565 2620 2601 sec.
2654 2558 2706 2598 et

498 2615 685 2666 Heins.
727 2617 794 2667 ad
817 2619 948 2667 hanc
973 2619 1248 2669 lectionem
1271 2619 1675 2669 confirmandam
1700 2619 1942 2668 Heinsius
1966 2620 2279 2684 ascripserat
2302 2633 2445 2683 seqq.
2461 2619 2476 2645 ‘
2494 2613 2709 2678 attritis]

497 2680 680 2731 Aurel.
705 2683 907 2732 Victor*
928 2683 1064 2748 apud
1086 2685 1306 2739 Casaub.
1342 2685 1409 2734 ad
1432 2685 1576 2734 Hist.
1600 2683 1738 2749 Aug.
1776 2700 1825 2749 p.
1843 2689 1923 2735 ⁷9.
1980 2684 2173 2734 attritis
2203 2685 2315 2748 jam
2358 2682 2599 2732 barbaris
2643 2693 2708 2731 ne

498 2748 836 2810 permitteret
859 2748 994 2798 vires
1019 2750 1270 2813 recipere.
1350 2750 1629 2815 Capitolin.
1646 2749 1700 2799 in
1725 2750 1907 2801 Clodio
1932 2748 2159 2800 Albino:
2208 2749 2292 2798 Ad
2325 2763 2413 2798 eas
2455 2747 2710 2797 civitates

498 2811 888 2874 instaurandas,
935 2829 1061 2877 quas
1100 2816 1266 2876 Niger
1301 2815 1594 2876 attriverat,
1634 2816 1908 2879 pecuniam
1945 2816 2107 2865 misit.
2172 2814 2400 2864 Trebell.
2440 2811 2709 2862 Polliofl’n

501 2876 740 2953 Claudjo.
801 2878 913 2928 Hos
956 2879 1117 2942 igitur
1139 2880 1385 2930 Claudius
1407 2880 1641 2943 ingenita
1660 2881 1856 2930 virtute
1876 2882 2161 2944 superavit,
2180 2881 2272 2929 hos
2303 2879 2448 2931 brevi
2472 2885 2710 2941 tempore

501 2942 739 3017 attrivit:
782 2949 838 2992 et
876 2945 1030 3006 paulo
1073 2951 1210 3008 post,
1251 2947 1508 2995 Trecenta
1529 2945 1711 3010 viginti
1732 2946 1893 2996 millia
1913 2955 2227 2996 armatorum
2250 2945 2464 3013 §lelevit,
2498 2956 2711 3007 oppres·

505 3014 596 3068 stt,
640 3007 860 3057 attrivit.
944 3009 1206 3072 Vopiscus
1260 3010 1316 3059 in
1354 3009 1638 3061 Aureliano
1681 3012 2030 3074 Erumpentes
2090 3014 2349 3063 Sarmatas
2390 3010 2444 3057 in
2494 3007 2711 3071 Illyrico

508 3084 628 3120 cum
646 3073 897 3122 trecentis
922 3074 1255 3138 praesidiariis
1277 3075 1416 3124 solus
1453 3075 1689 3127 attrivit!
1737 3077 1929 3143 afflictis
1964 3076 2160 3126 Achivis
2191 3075 2332 3127 Prie.
2367 3075 2599 3125 Florem.
2643 3071 2713 3121 ad

503 3135 653 3186 victos
673 3137 876 3187 Achivos
894 3140 977 3188 vel
1001 3140 1189 3189 attritis
1207 3139 1409 3189 Achivis
1430 3141 1554 3190 Put.
1573 3141 1768 3207 afflictis
1786 3142 1987 3192 Achivis
2007 3143 2091 3191 vel
2111 3143 2174 3191 ad
2192 3143 2342 3190 victos
2359 3140 2443 3191 vel
2465 3141 2533 3189 ad
2554 3139 2714 3188 tristes

504 3201 710 3251 Achivos
727 3203 875 3252 Med.
901 3218 1004 3254 sec.
1048 3206 1238 3270 afflictis
1263 3204 1460 3255 Achivis
1492 3207 1710 3256 Heinsio
1745 3222 1949 3272 quoque
1984 3221 2086 3256 non
2133 3206 2453 3271 displicuisse
2486 3204 2712 3264 videtur,

507 3267 595 3331 qui
618 3267 930 3331 ascripserat
950 3270 1069 3318 loca
1090 3270 1301 3335 Vopisc.
1323 3271 1377 3318 in
1393 3269 1673 3322 Aureliano
1698 3287 1747 3334 p.
1771 3277 1883 3322 211.
1906 3275 1921 3301 ‘
1943 3271 2128 3322 Gallos
2148 3273 2404 3322 irruentes
2428 3284 2527 3334 per
2551 3276 2712 3320 totam

505 3332 731 3382 Galliam
754 3332 972 3384 afflixit:
1003 3341 1058 3384 et
1081 3351 1131 3399 p.
1154 3340 1267 3385 219.
1298 3336 1314 3362 ‘
1339 3335 1455 3387 Illic
1482 3337 1770 3401 Carporum
1807 3337 1987 3401 copias
2025 3335 2243 3387 afflixit)
2293 3337 2594 3386 contenderet
2619 3335 2716 3384 Pe·

509 3402 612 3447 tav.
636 3403 920 3449 tert.—-180
952 3405 1107 3449 terras
1127 3401 1212 3451 vel
1231 3403 1384 3467 terris·
1397 3401 1543 3453 Med.
1564 3416 1642 3465 pr.
1696 3403 1875 3466 campis
1897 3404 1978 3451 vel
1991 3403 2137 3451 terris
2157 3402 2279 3452 Vat.
2302 3409 2425 3452 tert.
2465 3399 2716 3451 Heinsius

507 3463 821 3528 ascripserat
858 3465 1026 3533 locum
1060 3467 1307 3516 Fescenn.
1329 3482 1403 3517 vs.
1419 3471 1501 3517 47.
1535 3469 1550 3495 ‘
1577 3468 1797 3531 Ligures
1831 3466 2009 3517 favete
2036 3467 2238 3532 campi!
2290 3467 2432 3517 litora
2466 3467 2597 3518 Jun.
2638 3478 2712 3528 pr.

508 3528 753 3579 Vat.sec.
779 3530 910 3580 Cod.
935 3531 1271 3582 Ursin.—181
1308 3533 1570 3596 Impulerat
1590 3533 1715 3583 Jun.
1737 3547 1814 3596 pr.
1862 3534 2097 3597 lapsosque
2129 3533 2269 3583 Prie.
2316 3534 2539 3596 tomosque
2572 3528 2716 3580 Med.

511 3608 615 3644 sec.
639 3595 758 3645 Pat.
809 3598 1038 3660 lassosque
1057 3598 1180 3651 Vat.
1201 3611 1306 3646 sec.
1352 3612 1549 3660 sequens
1565 3598 1704 3648 Prie.
1742 3596 1970 3662 frequens
1990 3599 2105 3649 Pal.
2126 3597 2271 3649 Med.
2303 3612 2380 3661 pr.
2400 3598 2523 3646 Vat.
2550 3596 2712 3646 Livin.

499 3657 726 3724 frequens
745 3661 828 3711 vel
837 3661 992 3722 fretis
1013 3663 1133 3714 Vat.
1163 3677 1242 3728 pr.
1264 3669 1321 3712 et
1357 3670 1482 3714 tert.
1523 3662 1694 3714 Oxon.
1733 3677 1809 3727 pr.
1845 3663 2176 3717 Oisel.--182
2222 3664 2408 3714 sullime
2448 3663 2599 3712 Med.
2637 3673 2712 3725 pr.

1504 3842 1717 3895 NOTAE

528 4018 531 4021 .
578 3978 671 4026 175
707 3976 909 4041 Thetin]
954 3979 1159 4044 Thetis,
1189 3981 1291 4031 etsi
1317 3986 1483 4033 mater
1501 3981 1578 4032 fua
1659 3989 1782 4034 tone
1806 3963 2015 4034 dicitnr.
2111 3966 2114 3967 ⁷

511 4057 633 4102 tura
667 4060 806 4102 esset
827 4052 1069 4120 Achillis,
1107 4057 1219 4108 haee
1252 4066 1428 4109 tamen
1470 4074 1576 4110 non
1607 4056 1613 4062 ’
1725 4064 1818 4110 181
1856 4061 2027 4110 Lassus
2045 4058 2202 4124 orbes]
2262 4056 2449 4108 Triton
2470 4056 2711 4123 fatigatus

512 4135 596 4179 est
617 4136 907 4182 consecuta.
1657 4136 1978 4188 extendebat
2013 4136 2067 4186 in
2107 4136 2255 4203 aquis
2279 4136 2494 4186 caudam
2517 4135 2713 4187 orbicu-

578 4209 674 4255 176
724 4206 863 4272 Just]
924 4208 1138 4274 Jupiter
1170 4226 1440 4278 aequoreus
1476 4228 1574 4278 pro
1657 4215 1838 4293 latam,
1862 4226 1968 4281 qua
1988 4212 2334 4267 obumbrabat
2351 4214 2626 4264 Venerem.

515 4281 787 4350 Neptuno,
810 4285 1032 4353 *Jupiter
1063 4288 1275 4356 Stygius
1314 4306 1413 4359 pro
1448 4290 1577 4341 Plu-
