2925 4928
893 408 998 459 ,ιιι-
1036 409 1481 463 ammomum
1531 405 1676 459 mn.
1700 412 1775 458 -ι,
2298 399 2441 480 46⁶

239 556 718 641 Pei-mutatque
745 555 982 620 domos
1012 556 1262 621 variae.
1347 554 1533 633 Quis
1559 555 1831 620 nomina
1856 554 2077 639 possit
2352 558 2442 624 60

232 657 455 725 Tanta
481 660 717 743 sequi?
764 657 957 723 miles
982 658 1268 723 stabulis
1299 658 1707 724 Ptolemaeus
1733 660 1802 724 in
1828 660 1967 725 illis

237 758 504 825 Notior.
595 759 734 825 Hic
763 760 960 842 longo
988 759 1284 826 lassatus
1311 761 1576 844 pellicis
1603 781 1734 827 usu

234 859 470 927 Donat
493 859 871 928 Arinthaeo:
915 882 1136 946 noque
1165 864 1341 927 enim
1359 862 1506 947 jam
1536 864 1772 947 dignus
1800 865 2036 933 haberi

237 963 304 1029 Ν
305 984 383 1028 ec
415 972 718 1030 maturus
748 965 902 1031 emi.
991 965 1163 1031 Cum
1188 967 1523 1034 fastiditus
1551 968 1782 1047 abiret,

237 1065 463 1145 Quam
494 1070 775 1150 gemuit!
822 1075 1068 1151 quanto
1099 1071 1361 1153 planxit
1387 1069 1679 1136 divortia
1704 1071 1921 1137 luctu!
2348 1072 2438 1139 6⁶

235 1168 416 1236 Haec
445 1178 608 1250 erat,
635 1172 806 1251 haec,
834 1172 1225 1250 Ptolemaee,
1255 1173 1420 1239 fidos
1437 1176 1468 1238 'l
1512 1175 1641 1239 hoo
1671 1174 1925 1258 profuit
1948 1179 2114 1241 oetas

235 1272 315 1336 In
342 1276 597 1356 gremio
627 1279 975 1341 consumta
1003 1283 1148 1355 tuo,
1177 1279 1527 1361 lectusque
1548 1277 1827 1362 jugaliS,

236 1373 323 1439 Et
351 1375 540 1442 ducti
566 1378 761 1442 toties
789 1378 955 1444 inter
981 1381 1317 1465 praesepia
1344 1380 1612 1446 somnii

232 1571 413 1621 littoris
432 1571 655 1638 Assyrii.-
686 1575 795 1625 hinc
827 1577 1089 1626 vendendus
1124 1579 1240 1627 duce
1264 1576 1445 1627 Galata
1482 1577 1651 1627 visitat
1683 1577 1910 1642 emporia,
1945 1592 2003 1629 uc
2024 1581 2181 1628 mutat
2200 1574 2442 1632 donatilla

235 1636 436 1689 diversa.
505 1640 681 1703 Ecquis
701 1642 854 1691 voleat
868 1643 1086 1706 persequi
1107 1647 1179 1691 tot
1199 1643 1388 1692 nomina
1412 1643 1707 1693 emtorum?
1929 1640 1961 1671 ⁴*
2220 1639 2252 1670 '¹'
2304 1677 2307 1680 ι
2444 1641 2447 1646 “

1161 1781 1519 1802 “meone“

224 1880 339 1942 foro
358 1881 486 1932 Vat.
508 1896 587 1945 pr.
610 1881 856 1933 Heinsius
880 1885 1194 1949 ascripserat
1211 1886 1419 1937 Lucian.
1441 1901 1496 1951 p.
1515 1890 1760 1937 893.--60
1786 1889 1940 1950 poscet
1973 1884 2113 1936 Pric.
2149 1886 2334 1936 Petu.
2359 1898 2444 1948 pr.

233 1947 435 1997 Tholos.
452 1946 634 1997 Ambr.
656 1962 735 2011 pr.
750 1948 945 2000 Mon-et.
960 1964 1070 2000 sec.
1087 1951 1188 1999 duo
1206 1951 1571 2001 Palmam—61
1590 1951 1812 2000 thalamis
1831 1952 1953 2000 Pat.
1967 1950 2071 2001 vid.
2094 1948 2211 1999 infr.
2237 1965 2308 2002 vs.
2330 1953 2446 1999 156.

235 2011 410 2062 tabulis
425 2010 608 2062 Ambr.
632 2026 711 2076 pr.
736 2014 1078 2066 Sched.Gud.
1091 2015 1290 2064 stabulis
1303 2017 1559 2066 droatt.
1573 2016 1721 2066 Rott.
1739 2016 1899 2066 oisel.
1920 2015 2095 2064 stabuli
2108 2015 2254 2066 Med.
2274 2021 2447 2080 quart.

236 2084 291 2127 et
312 2092 422 2126 sec.
444 2091 515 2126 m.
541 2092 647 2126 sec.
673 2077 859 2128 Petav.
885 2094 988 2130 sec.
1007 2081 1138 2130 Exc.
1157 2082 1372 2131 Luceus.
1397 2095 1501 2131 sec.
1518 2082 1664 2130 Med.
1691 2096 1794 2131 sec.
1817 2081 1978 2130 habet
1993 2082 2230 2143 glossam,
2247 2078 2448 2130 stabulis

236 2141 272 2192 i.
288 2156 336 2191 c.
358 2142 637 2206 prostibulis
658 2141 963 2193 sodomiticis
983 2145 1066 2193 vel
1090 2145 1293 2196 tabulis.-
1325 2147 1407 2196 vel
1431 2148 1567 2196 miles
1584 2146 1778 2206 stabuli,
1801 2146 1854 2194 id
1873 2151 1954 2194 est
1974 2145 2181 2209 quidam
2203 2145 2445 2208 armiger.

232 2207 435 2257 stabulis
455 2208 541 2256 vel
561 2207 733 2256 stabuli
754 2209 877 2257 Vat.
903 2224 983 2273 pr.
1010 2211 1150 2259 Prie.
1174 2226 1242 2261 m.
1266 2225 1369 2261 sec.
1392 2212 1568 2261 tabulis
1589 2213 1672 2260 vel
1693 2211 1893 2261 stabulis
1907 2211 2035 2260 Vat.
2060 2217 2182 2261 tert.
2203 2209 2347 2262 Prie.
2374 2224 2443 2258 m.

237 2286 317 2335 pr.
340 2271 491 2320 Med.
518 2286 597 2335 pr.
619 2273 818 2323 Mazar.
839 2274 967 2324 LoV.
989 2276 1161 2336 tubulis
1178 2276 1261 2325 vel
1277 2277 1454 2326 stabuli
1475 2278 1626 2326 Farn.
1645 2285 1801 2341 atque
1820 2278 1895 2325 ita
1914 2275 2181 2324 Rubenius
2205 2274 2258 2322 in
2281 2274 2447 2323 literis

235 2336 299 2385 ad
325 2336 602 2386 Heinsium
622 2336 775 2399 dam,
807 2346 862 2387 et
877 2339 1057 2389 Vales.
1101 2340 1168 2388 ad
1203 2339 1544 2392 Ammianum.
1578 2342 1841 2391 Rubenius
1865 2340 2070 2404 quidem
2095 2339 2269 2388 tabulis
2289 2339 2450 2402 conji-

238 2402 435 2463 ciebat,
457 2407 517 2450 ut
540 2416 695 2466 supra
718 2418 792 2451 vs.
818 2406 899 2462 34.
923 2405 1006 2454 vel
1025 2405 1161 2460 miles
1174 2405 1379 2464 stabuli,·
1412 2413 1472 2456 ut
1494 2406 1674 2456 milita
1692 2406 1867 2456 stabuli
1889 2407 1992 2454 sint
2010 2403 2343 2469 Hippocomi,
2359 2403 2447 2468 qui

235 2467 536 2518 militabant
557 2467 653 2516 sub
676 2466 931 2531 praefccto
956 2476 1048 2519 aut
1071 2471 1275 2521 Comite
1313 2472 1523 2532 stabuli,
1560 2471 1696 2536 quod
1727 2471 1947 2535 probare
1970 2469 2246 2520 videbatur
2268 2484 2445 2518 versus

238 2537 320 2584 68.
361 2538 421 2581 et
463 2537 578 2582 155.
624 2533 913 2582 Ptolemoeus
946 2535 1064 2583 Pal.
1109 2536 1363 2584 Tolomoeus
1398 2536 1551 2584 ambo
1589 2537 1787 2586 Moret.
1841 2535 2094 2584 Totemoens
2136 2535 2324 2583 Petav.
2366 2548 2449 2597 pr.

235 2596 441 2647 Thuan.
471 2597 760 2646 Tholemoeus
796 2599 934 2649 Put:
958 2600 1091 2661 Reg.
1130 2601 1234 2648 duo
1272 2602 1459 2649 Petav.
1489 2601 1766 2649 Tholomeus
1799 2606 1910 2649 tres
1949 2600 2093 2648 Vatt.
2128 2600 2280 2649 Farn.
2319 2599 2445 2646 Lov-

239 2662 416 2711 Oxon.
442 2676 522 2726 pr.
547 2662 649 2711 duo
675 2662 855 2711 Leidd.
879 2665 1011 2713 Exc.
1029 2662 1159 2713 Cod.
1186 2664 1499 2714 Rhem.—-62
1530 2665 1670 2726 vulgo
1688 2664 2028 2714 Tholos.—63
2061 2662 2291 2711 Arintheo
2312 2662 2450 2727 Reg.

238 2726 386 2775 Med.
425 2741 533 2776 sec.
569 2726 750 2775 Ambr.
790 2742 897 2777 sec.
932 2728 1058 2777 Vat.
1091 2729 1261 2777 Livin.
1298 2728 1489 2778 Aristeo
1527 2730 1677 2778 Rott.
1712 2729 1937 2778 Aristheo
1975 2728 2207 2777 Floreat.
2246 2726 2448 2776 Aritheo

239 2791 415 2841 Oxon.
439 2805 518 2853 pr.
539 2791 690 2840 Vatt.
711 2792 876 2854 quint.
899 2792 1027 2853 Exc.
1049 2793 1202 2855 Laeti,
1225 2792 1343 2845 Ald.
1367 2794 1542 2843 Colin.
1567 2800 1623 2842 et
1645 2793 1727 2842 ed.
1753 2794 1927 2843 Parm.
1948 2794 2152 2842 Arenae
2176 2791 2279 2841 duo
2298 2792 2449 2842 Vatt.

237 2855 356 2907 Pal.
379 2855 539 2905 Farn.
564 2856 708 2905 Pric-
728 2856 961 2906 Areutino
983 2858 1177 2907 Moret.
1205 2872 1283 2921 pr.
1307 2858 1544 2907 Ereutloeo
1566 2856 1715 2908 Leid.
1737 2872 1818 2921 pr.
1837 2856 2076 2908 Arentheo
2100 2858 2299 2907 Bonon.
2317 2856 2452 2907 Tho·

238 2920 332 2970 los.
356 2920 488 2970 Lov.
510 2920 660 2971 Leid.
683 2935 790 2971 sec.
831 2922 1002 2972 Oxou.
1041 2937 1145 2972 sec.
1181 2923 1283 2972 duo
1321 2922 1468 2973 Med.
1508 2922 1725 2973 totidem
1760 2923 1946 2972 Ambr.
1983 2928 2088 2971 tres
2110 2923 2296 2971 Petav.
2319 2921 2449 2972 Exc.

242 2986 459 3036 Gevart.
482 2994 539 3035 et
564 2987 782 3035 Lucens.
808 2987 1174 3048 wasta-entheo
1197 2990 1276 3037 vel
1295 2989 1505 3038 Aristoeo
1517 2986 1712 3037 Morct.
1738 3003 1843 3038 sec.
1866 2986 2012 3037 Med.
2035 2992 2205 3051 quart.
2226 3002 2311 3035 uec
2326 2986 2451 3035 enim

235 3050 389 3117 Med.
415 3066 521 3101 sec.
561 3051 688 3100 Put.
717 3051 923 3101 Thuan.
962 3053 1163 3102 Bonon.
1204 3053 1323 3102 Pat.
1361 3053 1464 3102 duo
1504 3053 1813 3102 Ambr.-—-64
1852 3054 1960 3102 Nou
1997 3052 2140 3103 Prie.
2169 3057 2283 3103 wat
2312 3052 2448 3107 Exc.

246 3116 401 3165 Laeti.
424 3117 519 3166 emi
541 3116 667 3165 Vat.
688 3131 792 3165 sec.
815 3117 1054 3167 pah-65
1095 3116 1191 3173 Qui
1210 3119 1394 3179 gemuit
1421 3120 1550 3167 Exc.
1577 3117 1798 3167 Gevart.
1818 3119 1937 3173 Quoe
1953 3114 2139 3179 genui?
2173 3117 2252 3166 ed.
2274 3118 2451 3165 Parm.

246 3181 405 3237 Quam
418 3181 606 3242 gemuit
627 3182 750 3230 Vat.
772 3181 936 3245 quint.
954 3182 1099 3232 Prie.
1121 3188 1226 3232 vet.
1251 3183 1382 3246 Gyr.
1419 3184 1548 3245 Reg.
1587 3183 1711 3234 Lov.
1748 3183 1899 3231 ambo
1922 3183 2115 3232 Moret.
2138 3180 2240 3230 duo
2263 3181 2450 3230 Petav.

243 3245 388 3296 Med.
412 3253 585 3310 quart.
609 3246 737 3295 Exc.
757 3246 915 3309 Laeti,
935 3246 1126 3296 Sched.
1150 3247 1289 3297 Gud.
1327 3248 1445 3303 Quoe
1471 3255 1578 3296 tres
1598 3249 1744 3297 Vatt.
1784 3248 1902 3296 Pal.
1940 3248 2093 3295 Fam.
2116 3246 2262 3295 Rott.
2286 3245 2450 3295 Oisel.

243 3311 368 3360 Put.
389 3311 594 3361 Thuan.
617 3312 814 3361 Mazar.
853 3312 1036 3361 PetaV.
1059 3326 1162 3361 sec.
1200 3312 1354 3366 Quum
1377 3312 1558 3361 Ambr.
1584 3327 1660 3374 pr.
1685 3311 1829 3361 Leid.
1867 3326 1970 3360 sec.
1994 3310 2095 3360 duo
2119 3311 2291 3359 Oxou.
2317 3310 2450 3359 Exc.

241 3376 366 3427 Pat.
392 3391 501 3426 rec.
536 3377 719 3438 gemuit
740 3376 942 3426 Bonon.
965 3376 1089 3426 Pat.
1111 3376 1323 3426 Tholos.
1347 3383 1455 3425 tres
1492 3375 1675 3425 Ambr.
1696 3376 1864 3438 genuit
1884 3373 2028 3424 Med.
2051 3389 2126 3437 pr.
2164 3373 2346 3423 Ambr.
2370 3388 2452 3437 pr.

241 3456 311 3490 m.
333 3455 442 3491 sec.
467 3441 551 3490 ed.
572 3441 743 3489 Vicet.
763 3441 933 3502 genuit
956 3444 1035 3490 vel
1055 3441 1238 3503 gemuit
1261 3443 1493 3491 Florent.
1531 3442 1630 3490 inc.
1656 3441 1838 3490 Heius.
1868 3440 2015 3489 Med.
2040 3453 2144 3487 sec.
2167 3439 2372 3488 Ruben.
2396 3438 2452 3489 iu

244 3506 431 3557 eadem
450 3506 517 3554 ad
548 3505 816 3555 Heinsinm
835 3506 1070 3568 Epistola
1094 3507 1220 3569 legit
1244 3522 1349 3569 quoe
1359 3506 1545 3567 gemuit
1569 3506 1595 3555 Ι
1626 3511 1817 3569 quanto,
1834 3506 1911 3567 ⁸5⁶·
1928 3503 2121 3567 planxit
2137 3507 2308 3565 quanto
2330 3504 2452 3553 Vat.

244 3584 350 3620 sec.
373 3572 490 3621 Pal.
526 3575 699 3634 quanto
716 3571 906 3635 planxit
929 3573 1028 3620 duo
1056 3570 1200 3620 Med.
1232 3573 1427 3634 planctu
1449 3575 1620 3635 quanto
1657 3570 1802 3618 Med.
1824 3573 2037 3632 ρι·.-66
2068 3568 2169 3615 hoec
2200 3568 2454 3615 Ptolemoee

242 3636 366 3684 Vat.
415 3651 495 3698 pr.
541 3642 596 3685 et
651 3643 774 3684 tert.
810 3634 975 3684 Oisel.
1022 3636 1110 3684 heu
1131 3636 1291 3685 Gesn.
1316 3644 1370 3683 et
1393 3635 1477 3684 ed.
1514 3637 1728 3695 Bipont.
1748 3635 1836 3682 heu
1860 3634 1941 3681 vel
1970 3634 2016 3680 Ο
2043 3633 2170 3694 Reg.
2198 3631 2454 3680 stolemoee

244 3700 370 3749 Put.
393 3701 593 3749 Mazar.
635 3701 738 3749 duo
773 3700 960 3751 Petav.
986 3707 1041 3750 et
1069 3699 1254 3750 Leidd.
1283 3701 1548 3766 Tholomaee
1574 3700 1743 3749 Oxou.
1768 3714 1847 3761 pr.
1884 3698 1982 3747 haec
2000 3696 2183 3761 profuit
2204 3695 2349 3748 Leid.
2373 3710 2452 3759 pr.

245 3766 371 3817 Pat.
394 3766 593 3814 Moret.
616 3780 696 3828 pr.
720 3765 900 3815 Ambr.
924 3781 1002 3829 pr.
1026 3766 1158 3829 Reg.
1181 3766 1304 3814 Vat.
1341 3766 1509 3828 quint.
1535 3765 1718 3813 Petav.
1760 3778 1840 3827 pr.
1864 3764 1967 3812 inc.
1991 3762 2173 3811 Heius.
2211 3761 2324 3824 quid
2340 3775 2453 3824 pro·

235 3828 344 3893 suit
364 3831 703 3880 'Pholum—6⁷
738 3831 943 3880 thalamo
965 3831 1160 3881 Moret.
1178 3834 1390 3895 ρι·.--68
1421 3833 1838 3903 ‹tuctus—somnus
1859 3828 1993 3892 Reg.
2015 3827 2187 3878 Oxon.
2208 3841 2288 3891 pr.
2307 3825 2455 3878 Med.

1251 3986 1469 4038 NOTAE

249 4144 252 4149 ·
310 4128 375 4175 59
401 4092 608 4186 Galata]
640 4123 846 4173 Galatoe
865 4123 1045 4188 populi
1061 4122 1202 4173 Asiae
1220 4124 1313 4172 mi·
1336 4152 1341 4156 -
1456 4125 1524 4172 60
1558 4118 1790 4183 Nomina]
1813 4120 2100 4182 Emtorum,
2114 4116 2200 4184 qui
2217 4119 2457 4166 emerunt

250 4199 384 4250 noris
418 4195 717 4250 mercatuia
750 4200 1122 4265 mancipiorum
1157 4199 1312 4264 insig·
1395 4197 1724 4263 Eutropium.

251 4291 358 4342 nez,
377 4276 514 4327 sicut
534 4282 591 4328 et
613 4275 907 4340 Babylonii.
1317 4300 1320 4301 ⁷

376 4356 562 4424 Deum.
577 4361 626 4408 et
655 4352 771 4408 var.
796 4357 927 4409 ctus.
1227 4350 1230 4353 “
1283 4355 1456 4409 cuma.
2047 4331 2055 4338 ’
2224 4350 2257 4399 2
2272 4347 2337 4399 o·
