2925 4928
932 414 1007 462 m
1060 410 1415 463 Romnum
1464 408 1612 459 mn.
1661 406 1738 454 11.
2298 380 2450 463 1551,

232 566 414 633 Intra
446 572 636 631 tecta
657 565 880 629 timor.
901 602 916 619 ι
970 559 1275 625 Tandem
1305 568 1622 645 succurre
1647 548 1868 617 ruenti

232 669 386 735 Heu
415 669 690 754 patriae‚
717 666 1097 731 Stilichon:
1144 662 1399 728 dilecta
1414 658 1525 723 hic
1547 657 1833 741 pignora
1855 656 2039 716 certe
2062 670 2082 730 3
2333 645 2451 717 95„-

233 774 368 838 Hic
394 773 644 836 domus
671 793 687 851 ;
730 771 841 834 hic
871 768 1184 847 thalamis
1205 758 1901 849 primumgenialibus
1933 772 2149 818 omen.

232 878 366 942 Hic
399 877 533 941 tibi
562 875 799 940 felices
828 872 1046 937 erexit
1069 869 1255 953 regia
1278 866 1522 942 taedaS.

233 981 367 1046 Vel
393 981 603 1058 solus»,
635 983 928 1062 sperate,
951 975 1129 1041 veni.
1219 972 1331 1036 Te
1351 968 1590 1054 praelia
1610 965 1763 1039 viso
1852 998 1858 1003 ‹

231 1085 725 1166 languescent,
752 1080 1075 1163 ⁴avidique
1105 1076 1308 1141 cadet
1336 1070 1670 1144 dementia
1692 1063 1996 1149 monstri.
2023 1138 2026 1143 ³

231 1187 515 1252 Talibus
547 1191 822 1273 urgetur
851 1183 1106 1247 discors
1139 1177 1408 1243 Aurora
1437 1172 1783 1259 procellis.
2304 1161 2434 1228 100

233 1355 403 1402 malum
428 1358 545 1415 est„
563 1357 616 1401 at
636 1356 789 1401 metus
807 1349 1016 1399 acerbior
1037 1353 1240 1410 vagatur
1261 1345 1391 1394 intra
1411 1344 1583 1391 domos.
1617 1326 1872 1389 Auxiliare
1892 1337 2079 1385 tandem
2097 1332 2291 1397 patrioe,
2309 1331 2397 1381 heu
2412 1328 2439 1380 Ι
2449 1344 2452 1347 ·

232 1419 435 1476 cadenti,
470 1434 501 1467 ο
525 1416 754 1466 Stilicho.-
790 1418 868 1464 hic
888 1413 1097 1478 profecto
1132 1413 1270 1461 liberi
1309 1411 1384 1459 tui
1403 1410 1505 1457 cari
1527 1411 1681 1455 sunt:
1716 1404 1794 1452 hic
1813 1405 1974 1452 domus
1997 1409 2105 1461 tua,
2137 1399 2215 1447 hic
2231 1398 2440 1461 primum

232 1482 329 1532 fuit
347 1483 640 1546 proesagium
664 1496 759 1544 pro
781 1484 899 1530 lecto
923 1489 1013 1530 tuo
1033 1478 1255 1542 nuptiali.
1324 1476 1424 1524 Hic
1456 1474 1586 1522 Aula
1606 1471 1797 1519 sustulit
1815 1482 1902 1531 pro
1933 1473 1985 1515 te
1994 1465 2134 1525 faces
2141 1464 2441 1525 fortunatas.

234 1549 402 1596 Etiam
430 1550 556 1596 solus
573 1548 718 1606 adsis,
754 1550 996 1608 expectate
1019 1542 1236 1592 Stilicho
1257 1559 1269 1590 z
1301 1555 1479 1603 pugnae
1499 1539 1775 1600 torpescent,
1798 1539 1845 1582 te
1873 1535 2129 1594 conspecto,
2155 1532 2202 1577 et
2223 1526 2446 1578 vecordia

227 1614 439 1675 portenti
477 1615 612 1662 avari
649 1612 917 1672 dejicietur.
989 1610 1159 1658 Oriens
1185 1607 1411 1656 turbatur
1443 1604 1520 1651 his
1556 1598 1909 1664 tempestatibus
1926 1597 2281 1645 discordiarum.
2344 1591 2442 1642 Sea

1157 1717 1303 1738 OOOOO
1307 1713 1515 1736 'neec‘

234 1809 352 1859 Pat.
375 1812 618 1857 rem—94
653 1807 788 1856 Inter
802 1807 928 1856 Vat.
971 1819 1074 1854 sec.
1115 1801 1298 1852 Ambr.
1326 1814 1406 1864 pr.
1439 1799 1631 1847 Moret.
1670 1809 1772 1844 sec.
1808 1793 1961 1842 Farn.
1993 1791 2136 1840 Rott.
2162 1788 2309 1837 Med.
2333 1802 2440 1838 sec.

237 1875 364 1923 Exc.
404 1874 563 1935 Laeti,
602 1873 684 1922 ed.
722 1873 901 1921 Parm.
933 1879 986 1918 et
1017 1870 1190 1918 Vicet.
1227 1868 1366 1915 Intra
1388 1864 1529 1912 Prie.
1562 1861 1715 1910 minor
1743 1861 1854 1908 Pat.
1889 1859 2050 1906 luenti
2066 1856 2184 1904 Vat.
2208 1863 2445 1918 quart.—

235 1943 295 1987 95
330 1939 542 1988 Stilicho
560 1940 682 1987 Vat.
707 1943 814 1999 opt.
848 1935 1084 1986 Stilichon
1106 1935 1234 1993 Exc.
1260 1933 1479 1981 Lucens.
1500 1943 1581 1992 pr.
1605 1926 1808 1975 Stilicon
1830 1924 2016 1971 incert.
2043 1920 2228 1969 HeinS.
2266 1920 2447 1977 delecta

236 2004 383 2054 Leid.
409 2019 492 2066 pr.
539 2004 702 2052 dilecti
740 2004 840 2066 haec
860 2003 995 2064 Reg.
1049 1997 1211 2048 dilecti
1242 2002 1288 2046 et
1311 1997 1430 2044 Vnt.
1447 2007 1555 2042 sec.
1606 1997 1689 2041 tua
1710 1991 1807 2038 sint
1831 1989 1930 2036 haec
1948 1988 2180 2035 Florent.
2219 1987 2328 2032 sunt
2345 1983 2446 2032 hoec

239 2069 382 2117 Med.
412 2083 522 2117 sec.
557 2074 640 2118 tua
665 2071 760 2117 sint
783 2069 860 2116 hic
883 2068 1030 2116 Rott.
1048 2071 1102 2113 et
1124 2065 1247 2112 Vat.
1271 2076 1376 2111 sec.
1401 2072 1496 2124 pro
1521 2071 1626 2106 var.
1649 2057 1900 2104 lect.-.96
1933 2052 2154 2099 thalamis
2177 2056 2278 2097 vet.
2315 2047 2449 2111 Gyr.

237 2134 355 2183 Vat.
381 2133 552 2183 Livin.
608 2133 805 2182 thalami
827 2133 949 2181 Vat.
981 2145 1084 2180 sec.
1114 2130 1244 2178 Exc.
1283 2127 1437 2186 Laeti,
1479 2124 1561 2171 ed.
1601 2119 1974 2170 Parm.'Vicet.
2031 2116 2264 2165 thalamus
2299 2114 2448 2162 Rott.

239 2199 441 2247 Tbuan.
466 2200 686 2249 ‘Mazan
717 2197 902 2247 Ambr.
937 2211 1015 2260 pr.
1055 2195 1242 2244 Petav.
1284 2196 1406 2241 tert.
1430 2190 1602 2239 Oxou.
1626 2193 1683 2234 et
1703 2185 1825 2234 Ald.
1860 2183 2094 2231 thalamus
2111 2180 2196 2229 vel
2229 2177 2451 2227 thalamis

240 2264 360 2312 Put.
384 2265 573 2313 Petav.
596 2279 673 2328 pr.
704 2263 948 2326 proprium
972 2269 1076 2311 tres
1100 2259 1220 2307 Vat.
1239 2257 1354 2306 Pal.
1379 2257 1525 2305 Rott.
1550 2252 1715 2301 Oisel.
1741 2251 1869 2298 Exc.
1891 2248 2026 2296 Laeti
2050 2253 2105 2295 et
2129 2245 2344 2293 Lucens.
2367 2257 2450 2305 pr.

235 2329 442 2395 primum
465 2330 622 2379 Fam.
659 2329 861 2377 Thuan.
884 2333 986 2376 vet.
1013 2325 1141 2388 Gyr.
1169 2325 1291 2371 Vat.
1316 2321 1483 2370 Livin.
1502 2317 1644 2368 Med.
1683 2322 1853 2380 quart.
1877 2314 2007 2362 Exc.
2034 2311 2253 2361 Gevart.
2277 2315 2334 2358 et
2351 2308 2453 2373 Lu·

241 2406 378 2444 cens.
401 2409 508 2443 sec.
543 2395 666 2443 item
688 2394 769 2443 ed.
792 2393 967 2442 vicet.
990 2405 1155 2453 marg.
1177 2388 1364 2449 Isingr.
1393 2383 1642 2449 proprium
1659 2383 1740 2430 vel
1784 2378 1988 2443 primum
2012 2377 2113 2425 duo
2130 2376 2250 2424 Vat.
2280 2373 2450 2435 genia·

239 2459 358 2509 libus
381 2461 467 2508 vel
520 2459 780 2521 gentilibus
803 2459 932 2508 Exc.
952 2456 1105 2507 Laeti.
1134 2452 1403 2517 genialibus
1427 2450 1511 2500 vel
1553 2445 1843 2512 genitalibus
1873 2445 2000 2506 Reg.
2025 2441 2149 2491 Put.
2175 2440 2343 2489 Oxou.
2369 2452 2460 2504 pr.

235 2526 525 2585 genitalibus
556 2525 743 2590 reliqui
778 2539 968 2586 omnes,
1007 2523 1139 2571 Exc.
1173 2521 1393 2569 Lucens.
1420 2531 1500 2580 pr.
1524 2523 1578 2563 et
1602 2512 1716 2563 cod.
1739 2512 1917 2560 Rbem.
1947 2507 2069 2558 Ala.
2092 2506 2175 2556 ed.
2200 2505 2372 2553 Parin.
2398 2509 2458 2553 et

241 2590 415 2640 Vicet.
457 2591 600 2655 quod
641 2590 827 2654 probat
865 2588 1128 2648 Heinsius,
1164 2585 1251 2649 qui
1290 2591 1347 2633 et
1384 2582 1460 2631 ita
1491 2578 1768 2643 legendum
1806 2574 2005 2624 monuit
2029 2570 2168 2635 apud
2205 2570 2455 2618 Senecam

240 2654 385 2708 initio
412 2655 654 2705 Medeae:
706 2658 722 2683 ‘
742 2655 920 2719 Tuque
959 2650 1196 2716 genitalis
1230 2650 1331 2698 tori
1372 2646 1569 2695 Lucina
1604 2640 1812 2693 custos!
1857 2640 2063 2703 primum
2080 2633 2347 2697 genialibus
2370 2627 2455 2683 vel

238 2721 491 2783 proprium
508 2720 801 2783 genitalibus
821 2721 944 2769 Vat.
978 2733 1057 2782 pr.
1096 2717 1228 2765 Exc.
1267 2714 1418 2763 Laeti.
1464 2708 1729 2772 gentilibus
1764 2707 1893 2754 Exc.
1915 2705 2066 2751 Voss.
2103 2716 2171 2749 m.
2196 2713 2277 2764 pr.
2321 2712 2455 2747 omne

244 2786 377 2849 Reg.
416 2801 555 2835 omen
577 2786 660 2834 vel
692 2800 824 2834 omne
863 2786 1050 2833 Petav.
1085 2782 1209 2830 item
1248 2780 1422 2829 Oxon.
1445 2778 1657 2838 pr.—9⁷
1695 2771 1794 2820 Hic
1823 2769 1914 2819 tibi
1946 2767 2058 2816 fere
2092 2779 2267 2814 omnes
2288 2762 2456 2813 codd.

245 2850 374 2899 Exe.
425 2851 651 2900 Gevart.
686 2851 771 2899 ed.
803 2851 977 2898 Parm.
1003 2846 1128 2897 Ald.
1173 2846 1342 2895 Colin.
1367 2848 1421 2892 et
1443 2841 1616 2889 Vicet.
1665 2837 1765 2886 Hic
1787 2834 1869 2883 ubi
1884 2835 2033 2883 Varr.
2060 2833 2164 2880 LL.
2184 2829 2266 2880 ed.
2291 2826 2455 2877 AntV.

242 2916 340 2963 haec
362 2917 567 2964 al.-—98
616 2930 807 2979 sperare
828 2916 951 2965 Vat.
984 2919 1156 2979 quart.
1188 2923 1376 2975 sperare
1412 2906 1495 2956 vel
1528 2916 1750 2967 superare
1774 2901 1905 2963 Reg.
1937 2899 2114 2948 Oxou.
2137 2897 2255 2944 due.
2289 2893 2419 2942 venis
2432 2890 2470 2944 2-

244 2981 387 3030 Med.
412 2985 720 3044 quam—99
758 2982 1071 3042 ,languescunt
1095 2978 1218 3026 Pat.
1263 2976 1433 3023 cadent
1456 2971 1571 3020 Pal.
1605 2967 1849 3029 rabidique
1877 2979 1971 3028 pro
2003 2962 2219 3025 avidique
2240 2958 2461 3022 conjicit

246 3045 514 3095 Heinsius.
568 3048 717 3095 vestri
757 3060 851 3109 pro
901 3044 1100 3093 monstri
1125 3044 1253 3091 Exc.
1281 3040 1592 3087 Voss.——loo
1635 3032 1779 3082 dictis
1801 3046 1896 3096 pro
1938 3029 2117 3078 discors
2150 3025 2294 3075 Med.
2337 3030 2463 3073 tert.

308 3246 370 3290 95
422 3242 632 3305 Patrioe]
699 3244 840 3292 Num
881 3240 1318 3302 Constantinopo-
1399 3248 1431 3281 a
1451 3231 1641 3292 Genio,
1664 3234 1867 3278 naturae
1889 3230 1944 3274 et
1966 3219 2248 3285 voluptatis
2272 3220 2411 3269 Deo.
2459 3217 2460 3220 ’

248 3318 308 3367 lis
342 3319 651 3368 Stilichonis
693 3319 865 3383 patria
898 3319 1013 3368 est?
1078 3317 1184 3365 Vix
1207 3330 1318 3363 cre·
1465 3315 1527 3359 9⁷
1568 3308 1755 3370 Taedas]
1820 3307 1983 3355 Faces
2014 3299 2270 3363 nuptiales
2308 3296 2463 3362 altius

253 3395 332 3444 do.
400 3395 586 3443 Patria
628 3403 862 3451 vocatur,
923 3394 1044 3457 quia
1099 3392 1319 3442 Stilicho
1399 3385 1773 3436 attollebantur
1807 3396 1839 3430 a
1869 3377 2120 3429 matribus
2141 3386 2468 3439 sponsarum,

252 3470 331 3520 bic
354 3471 539 3521 habuit
553 3471 779 3533 domum,
810 3472 894 3521 hic
920 3471 1069 3520 duxit
1087 3483 1321 3529 uxorem,
1403 3463 1581 3528 sicque
1620 3458 1911 3524 conjugium
1956 3453 2158 3503 felicius
2201 3450 2315 3501 fore
2352 3462 2467 3498 cre·

254 3562 316 3597 ex
335 3549 651 3614 qualiberos
675 3549 920 3611 suscepit.
1402 3539 1660 3589 debatur:
1711 3534 1827 3598 bats,
1846 3531 2021 3593 δαΐδας,
2063 3531 2207 3592 toeda,
2248 3526 2333 3576 vel
2366 3523 2467 3586 faa:

314 3632 376 3676 95
414 3625 661 3688 Pignora]
712 3625 909 3687 Liberi,
928 3622 1156 3689 quisunt
1178 3624 1324 3673 velut
1401 3632 1612 3668 accensa.
1936 3611 1947 3619 ’

257 3702 511 3778 pignora„
537 3702 724 3768 quibus
764 3702 1020 3765 Princeps
1059 3700 1322 3763 astrictus,
1467 3698 1532 3743 98
1572 3691 1706 3755 Viso]
1754 3691 1887 3738 Laus
1908 3687 2143 3736 Heroum
2162 3695 2348 3747 magna
2368 3684 2470 3739 est,

257 3780 450 3831 debent
491 3781 659 3844 magis
715 3793 887 3830 amare
948 3778 1190 3843 patriam,
1235 3778 1323 3826 ubi
1403 3772 1632 3821 victores
1668 3766 1927 3825 extitisse,
1966 3762 2141 3812 statim
2175 3760 2335 3822 atque
2370 3755 2470 3806 visi

258 3859 364 3907 nati
386 3860 462 3907 illi
486 3866 629 3907 sunt.
704 3855 705 3858 ’
1406 3855 1545 3898 sunt.
1611 3847 1809 3897 Notum
1866 3840 1996 3892 illud
2055 3837 2186 3889 Julii
2234 3833 2472 3897 Caesaris,

318 3939 383 3984 96
416 3936 644 3985 Primum
655 3934 876 3984 thalamis
887 3932 1156 3996 genialibus
1169 3931 1326 3995 omen]
1404 3925 1420 3952 ‘
1453 3924 1610 3985 Veni,
1632 3922 1757 3985 vidi,
1779 3917 1917 3985 vici.’

261 4009 320 4060 Id
342 4020 443 4074 est,
482 4012 708 4076 primum
752 4011 1035 4075 auspicium
1069 4008 1199 4059 felix
1231 4023 1326 4072 pro
1471 4006 1537 4051 99
1559 3999 1817 4051 Dementia
1830 3993 2054 4057 monstri]
2087 3989 2349 4042 vecordia
2365 3986 2488 4038 Ru«

263 4088 395 4139 lecto
429 4088 675 4153 nuptiali.
739 4087 990 4150 Virgilius
1011 4103 1024 4136 ι
1070 4087 1085 4114 ‘
1124 4085 1334 4135 Primis·
1410 4078 1501 4128 fini
1519 4076 1736 4127 monstri
1756 4073 1967 4138 pessimi
1987 4067 2354 4120 contundetur.

264 4179 357 4229 que
369 4166 591 4229 jugarat
614 4162 924 4213 Ominibus!
972 4163 1112 4212 Olim
1130 4160 1330 4225 nuptiae
1478 4160 1574 4205 loo
1608 4153 1809 4203 Discors
1826 4146 2039 4209 Aurora]
2106 4142 2297 4192 Oriens
2321 4139 2477 4191 vexa·

265 4254 359 4290 non
376 4240 799 4302 celebrabantur,
819 4241 917 4291 nisi
935 4240 1222 4304 auspicato,
1241 4252 1333 4287 seu
1415 4237 1499 4280 tus
1516 4228 1805 4288 discordiis,
1828 4231 1884 4275 et
1899 4224 2044 4273 velut
2061 4214 2477 4283 tempestatibus,

268 4317 508 4383 inspectis
528 4317 730 4368 avibus.
796 4316 1030 4368 Genialis
1046 4316 1122 4367 sic
1141 4313 1334 4365 dicitnr
1414 4322 1508 4358 seu
1530 4305 1700 4357 ventis
1722 4299 1996 4354 contrariis
2021 4296 2270 4363 agitatus.
