2925 4928
839 416 921 465 IN
971 410 1188 465 paon.
1236 413 1329 463 m·
1376 417 1598 469 omns.
1644 417 1859 469 cons,
2362 405 2453 469 ’75

327 554 492 626 Tum
515 560 739 645 regina
761 560 994 626 refert:
1041 548 1198 625 Non
1223 581 1331 625 me
1349 562 1532 641 latet,
1555 563 1802 648 inclyte
1823 567 2063 643 rector,

259 659 455 742 Quam
481 670 603 728 tua
630 680 765 746 pro»
787 661 986 727 Latio
1017 664 1321 728 victricia
1351 672 1578 730 castra
1603 666 1938 731 laborent:

258 764 388 831 Nec
415 767 597 850 quod
626 768 970 831 servitium
1002 786 1252 844 rursm,
1286 767 1645 851 Furiaeque
1673 769 1949 832 rebelles

253 864 558 933 Edomitae
590 869 864 952 paribus
891 870 1017 933 sub
1046 874 1111 932 te
1142 869 1442 934 cecidere
1468 870 1842 952 triumphis,
2300 929 2303 931 a

253 967 389 1044 Sed,
411 988 667 1051 precor,
698 971 837 1061 hoc·
856 970 1098 1035 donum
1128 990 1277 1035 cum
1297 971 1601 1035 libertate
1628 973 1875 1037 recenti
2320 971 2449 1039 140

248 1068 443 1149 Adde,
475 1091 737 1151 precor,
769 1074 830 1136 si
855 1092 1015 1138 vera
1044 1073 1663 1137 manetreverentia
1690 1075 1934 1138 nostri.

1225 2897 1445 2947 NOTAE

239 3012 316 3076 qui
351 3013 427 3078 fit,
461 3030 590 3067 cum
628 3016 719 3067 Sol
761 3016 974 3081 attingit
1014 3017 1294 3081 Tmpicum
1442 3020 1538 3066 143
1594 3013 1835 3077 Pignora]
1900 3012 2036 3076 Filii,
2077 3012 2163 3078 qui
2204 3012 2447 3063 dicuntur

243 3084 559 3154 Capricorni.
1374 3093 1611 3158 pignora,
1651 3093 1770 3158 qnia
1807 3106 1864 3141 re
1892 3106 2019 3141 vcra
2058 3099 2178 3141 sunt
2212 3089 2446 3155 quaedam

217 3190 225 3202 ,
300 3167 546 3233 Histrum]
604 3169 925 3234 Danubium,
969 3171 1054 3237 qui
1107 3169 1294 3221 fluvius
1375 3170 1595 3235 pignora
1615 3169 1820 3230 amoris,
1843 3168 2071 3233 fideique
2093 3166 2399 3231 conjugalis.

241 3242 448 3312 Europae
487 3246 748 3297 maximus
791 3247 847 3297 in
879 3249 1105 3299 Pontum
1143 3250 1298 3299 Euxi-
1443 3247 1590 3296 Festa
1612 3245 1735 3309 luce]
1769 3244 1833 3294 Id
1876 3250 1969 3308 est,
2010 3242 2274 3292 fortunato
2319 3241 2445 3292 die:

242 3333 347 3370 num
365 3337 420 3372 se
441 3329 722 3374 exonerat.
1377 3328 1526 3372 erant
1551 3323 1685 3372 enim
1707 3320 1817 3371 dies
1839 3320 2089 3382 nonnulli,
2119 3334 2245 3384 quos
2266 3317 2449 3368 felice·

297 3401 386 3447 138
419 3398 713 3463 Servitium]
737 3398 893 3451 Quod
915 3400 1180 3449 servitium
1204 3400 1297 3449 mi·
1376 3401 1651 3465 putabant,
1688 3405 1744 3449 et
1778 3412 1843 3447 ex
1871 3398 2057 3463 quibus
2095 3396 2229 3446 bene
2259 3396 2450 3445 omina-

243 3472 499 3537 nabantnr,
539 3474 703 3523 instar
736 3473 1005 3539 furiarum,
1035 3477 1297 3539 Eugeniua
1379 3477 1572 3527 bantur
1592 3482 1819 3526 veteres.

243 3557 293 3599 et
314 3549 412 3600 dux
430 3550 552 3615 ejus
578 3550 920 3613 Arbogastes,
937 3550 1119 3602 Gallus
1144 3554 1300 3603 auda·
1443 3557 1540 3603 144
1573 3551 1715 3616 Rom]
1749 3553 2004 3601 Parentes
2028 3548 2222 3599 liberos
2262 3562 2446 3598 recena

244 3626 480 3691 cissimuS,
506 3628 599 3692 qui
623 3627 717 3677 sub
739 3628 960 3691 Eugenii
982 3630 1189 3678 nomine
1211 3630 1301 3679 irn-
1379 3637 1529 3680 natos
1552 3628 1666 3678 sinu
1684 3625 2202 3691 complectebantur:
2226 3625 2278 3674 id
2304 3624 2445 3691 quod

244 3698 422 3766 perium
460 3719 520 3753 se
567 3710 834 3752 recturum
876 3718 987 3754 esse
1028 3706 1302 3770 polliceba-
1382 3708 1549 3757 Roma
1572 3706 1647 3757 ait
1668 3721 1724 3754 se
1749 3703 1953 3754 fecisse.

246 3785 339 3829 tur.
1448 3787 1541 3832 145
1577 3783 1783 3846 Lucina]
1823 3782 1937 3829 Dea·
1973 3779 2290 3843 parientium
2320 3794 2451 3844 proe-

300 3863 389 3909 189
422 3858 636 3909 Par-ibus
656 3857 931 3921 triumphis]
972 3859 1111 3911 Quia
1151 3859 1301 3909 simul
1383 3876 1487 3921 ses,
1510 3874 1625 3925 qum
1649 3865 1703 3908 et
1725 3858 1866 3908 Juno
1889 3863 1943 3906 et
1967 3858 2141 3905 Diana
2164 3856 2373 3907 dicitnr.

245 3934 420 4004 devicti
443 3943 568 3988 sunt
591 3937 855 4000 Eugenius
878 3944 932 3985 et
957 3938 1295 4001 Arbogastes.
1442 3940 1540 3987 146
1578 3934 1854 3996 Profer-rent
1890 3934 2047 3983 sidera
2079 3934 2276 3998 partus]
2306 3935 2447 3984 Puc-

302 4018 389 4063 14⁰
433 4013 708 4076 Libertate]
775 4014 935 4064 Quasi
980 4014 1182 4064 reddita
1227 4016 1295 4064 ait
1375 4028 1458 4062 ros
1483 4013 1729 4069 illustres,
1752 4011 1895 4060 velut
1919 4009 1985 4058 de
2016 4013 2149 4060 coelo
2173 4010 2447 4060 demissum

244 4088 461 4155 libertas,
503 4105 656 4157 quam
697 4096 973 4154 erepturus
1020 4091 1297 4141 videbatur
1375 4107 1558 4143 munus
1578 4099 1777 4141 veteres
1795 4089 2134 4153 aspiciebant.
2167 4088 2444 4151 Virgilium

247 4167 558 4234 Arbogastes.
1375 4171 1392 4197 ‘
1414 4170 1535 4221 Jam
1574 4182 1709 4219 nova
1740 4166 2015 4231 progenies
2044 4166 2177 4217 coelo
2217 4163 2447 4218 demitti·

304 4250 390 4297 142
424 4246 687 4309 Pubentes]
717 4242 822 4295 Seu
856 4246 1101 4311 puberes,
1121 4246 1175 4296 id
1200 4253 1299 4312 est,
1380 4252 1469 4296 tur
1490 4244 1635 4295 alto.’

241 4318 454 4394 juvenes,
474 4328 862 4390 adolescentes,
883 4325 1133 4391 vigentes.
