2925 4928
928 419 1025 469 nn
1074 419 1190 469 111.
1237 420 1448 471 cons.
1496 421 1776 473 nonos.
2316 408 2452 479 Μ

260 562 352 629 Te
376 569 684 630 nascente
714 564 905 629 ferox
934 570 1069 629 toto
1094 564 1456 631 Germania
1480 565 1714 631 Rheno

262 667 631 733 Intremuit:
677 670 1020 751 movitque
1059 689 1215 733 suas
1243 669 1588 734 formidine
1616 670 1849 753 sylvas

262 768 644 834 Caucasus:
690 776 754 834 et
778 772 1025 853 positis
1054 791 1295 834 numen
1327 772 1642 836 confessa
1671 773 2000 857 pharetris
2365 772 2454 840 20

259 871 541 954 Ignavas
576 872 806 937 Mero‘e
838 874 1041 938 traxit
1070 873 1151 936 de
1182 875 1358 937 crine
1390 875 1688 957 sagittas,

259 974 565 1058 Reptasti
594 997 712 1060 per
740 981 936 1039 scuta
966 967 1148 1059 puer,
1181 976 1575 1061 Regumque
1605 983 1896 1042 recentes

256 1076 539 1143 Exuviae
571 1079 693 1143 tibi
722 1077 922 1143 ludus
946 1085 1166 1143 erant:
1209 1081 1600 1163 primusque
1633 1082 1898 1145 solebas

257 1177 509 1262 Aspera
533 1181 888 1265 complecti
916 1186 1175 1244 torvum
1199 1187 1350 1265 post
1373 1184 1610 1265 praelia
1637 1189 1912 1267 patrem,

256 1280 451 1364 Signa
480 1283 889 1368 triumphato
922 1287 1180 1367 quoties
1209 1285 1513 1350 flexisset
1543 1288 1629 1350 ab
1663 1288 1904 1351 Histro
2367 1288 2456 1354 25

253 1381 506 1451 Arctoa
533 1386 620 1451 de
648 1392 868 1470 strage
900 1387 1153 1477 calenS‚
1175 1393 1240 1451 et
1266 1407 1549 1472 poscere
1580 1397 1836 1473 partem

251 1600 377 1636 arina
415 1587 596 1637 media.
667 1589 926 1638 Germania
958 1590 1169 1640 bellicosa
1204 1591 1344 1640 circa
1368 1606 1548 1640 onmem
1573 1592 1788 1640 Rhenum
1826 1589 2103 1653 trepidavit,
2124 1594 2171 1638 te
2199 1589 2457 1654 exoriente,

253 1656 295 1700 et
331 1655 573 1702 Caucasus
610 1655 837 1702 concussit
863 1671 1053 1704 nemora
1091 1671 1177 1705 sua
1222 1670 1327 1717 ιιι-ω
1373 1657 1571 1705 timore.-
1603 1672 1658 1704 ac
1701 1655 1866 1704 Meroe‘
1890 1656 2086 1716 sagittis
2119 1654 2312 1715 abjectis
2345 1670 2451 1704 con·

244 1714 367 1777 fessa
403 1723 457 1766 te
482 1731 602 1767 esse
623 1733 808 1781 numen,
830 1720 1002 1769 avulsit
1025 1736 1087 1769 ex
1107 1722 1297 1771 caesarie
1321 1721 1487 1779 jacula
1519 1722 1713 1771 inertia.
1777 1720 1990 1783 Repsisti
2016 1735 2137 1783 puer
2151 1735 2238 1782 per
2252 1721 2454 1784 clypeos,

250 1786 297 1830 a
314 1797 431 1831 nova
450 1785 607 1847 spolia
632 1785 818 1845 Regum
841 1785 931 1834 tibi
954 1792 1086 1834 eram
1111 1787 1321 1848 voluptas
1342 1803 1357 1835 .-
1390 1802 1446 1834 ac
1465 1787 1647 1849 primus
1663 1801 1961 1835 consueveras
1980 1786 2179 1835 osculari
2198 1786 2455 1833 Par-entem

250 1844 517 1897 bellicosum
537 1853 644 1910 post
665 1848 785 1898 bella
804 1850 1059 1911 terribilia,
1081 1853 1449 1914 quotiescumque
1477 1851 1672 1910 ferrens
1692 1852 1821 1900 clade
1853 1850 2235 1914 Septemtrionali
2270 1864 2457 1905 revoca?

248 1918 371 1965 verat
392 1913 584 1963 vexilla
604 1930 665 1965 ex
685 1915 908 1965 Danubio
926 1922 1143 1979 superato
1163 1933 1181 1973 ;
1215 1921 1270 1965 tu
1290 1931 1634 1966 consueveras
1652 1923 1813 1979 petere
1832 1917 2012 1980 aliquid
2032 1931 2095 1964 ex
2115 1914 2302 1969 exuviis
2320 1930 2340 1973 ,⁰
2370 1928 2455 1973 seu

1177 2061 1536 2081 eeeeeeeeeee

249 2156 345 2207 duo
365 2157 573 2208 Mor-et.
597 2158 770 2208 Oxon.
795 2174 899 2208 sec.
945 2161 1103 2222 posuit
1122 2161 1267 2211 Med.
1293 2169 1459 2227 quart.
1524 2161 1668 2210 astris
1686 2161 1806 2213 Jun.
1832 2174 1909 2225 pr.
1960 2159 2112 2208 hastis
2144 2158 2245 2209 duo
2268 2157 2451 2210 Ambr.

248 2223 503 2274 escisVat.
531 2229 651 2272 tert.
676 2226 824 2273 Rott.
848 2225 1011 2274 Oisel.
1039 2225 1181 2275 Prie.
1204 2243 1270 2275 m.
1295 2243 1371 2291 pr.
1399 2227 1579 2276 Ambr.
1606 2232 1684 2289 pr.
1710 2243 1778 2275 m.
1799 2242 1878 2289 pr.
1913 2226 2036 2274 Var.
2059 2225 2163 2274 LL.
2185 2224 2270 2274 ed.
2291 2223 2453 2275 Anttr.

247 2288 386 2349 bostis
408 2291 495 2339 vel
527 2290 646 2338 escis
666 2290 898 2338 Florent.
922 2290 1066 2342 Med.
1091 2306 1198 2339 sec.
1222 2308 1290 2339 m.
1317 2307 1396 2355 pr.
1420 2294 1549 2356 Reg.
1574 2292 1680 2339 dno
1714 2292 1910 2340 Moret.
1939 2291 2043 2339 inc.
2071 2289 2256 2338 Heius.
2308 2288 2458 2340 armis

248 2346 418 2415 Cujac.
467 2355 681 2420 praebita
702 2354 873 2403 castris
891 2355 1204 2417 conjiciebat
1228 2357 1623 2406 Heinsius.——18
1656 2372 1801 2417 regno
1836 2355 1937 2403 duo
1958 2356 2077 2403 Vat.
2098 2354 2284 2403 PetaV.
2308 2368 2457 2418 pr.—

246 2422 305 2467 19
328 2419 597 2470 Intremuit
617 2420 700 2469 vel
727 2420 941 2469 Intonuit
962 2422 1090 2485 Reg.
1115 2419 1289 2471 Oxon.
1316 2436 1394 2487 pr.
1412 2436 1589 2486 pennas
1607 2438 1698 2486 pro
1715 2422 1857 2470 silvas
1871 2421 1994 2470 Var.
2013 2419 2206 2472 LL.ed.
2226 2418 2455 2469 Antia—-

240 2487 297 2533 20
327 2501 501 2534 numen
546 2486 676 2535 Exc.
704 2487 838 2535 Laeti
862 2495 918 2534 et
942 2487 1160 2535 Lucens.
1208 2503 1286 2550 pr.
1321 2504 1487 2537 inimus
1504 2489 1587 2536 ed.
1611 2489 1784 2537 Vicet.
1808 2493 1863 2536 et
1885 2487 2009 2534 Var.
2051 2486 2159 2534 LL.
2179 2484 2264 2533 ed.
2288 2483 2453 2534 AntV.

268 2607 277 2616 Ρ
332 2552 343 2562 ”
367 2553 435 2599 tis
456 2552 492 2601 J
500 2566 591 2598 un.
612 2556 820 2614 pru—21
842 2554 901 2599 de
919 2554 1056 2600 corde
1076 2554 1199 2601 Vat.
1220 2561 1336 2603 tert.
1364 2555 1507 2603 Rott.
1522 2554 1753 2602 Florent.
1773 2552 2029 2601 Med.sec.
2048 2565 2117 2599 m.
2145 2565 2225 2612 pr.
2249 2549 2450 2600 Mazar-

245 2622 305 2651 ‘—-
337 2620 369 2664 Ζ
396 2631 486 2678 per
514 2622 654 2665 scuta
678 2617 804 2665 Lov.
829 2617 1023 2665 Moret.
1047 2632 1151 2666 sec.
1196 2618 1324 2667 Exc.
1347 2618 1570 2667 Gerart.
1606 2619 1826 2667 Lucem.
1870 2631 1975 2666 sec.
2019 2614 2210 2665 Sched.
2232 2613 2373 2664 Gnd.
2393 2613 2454 2662 bt

247 2675 361 2730 Ὰῐᾶ.
380 2695 467 2742 per
486 2681 637 2742 signa
667 2681 844 2730 decem
870 2681 976 2742 alii,
1018 2683 1146 2731 Exc.
1171 2683 1387 2732 Lucens.
1413 2698 1492 2747 pr.
1531 2684 1613 2732 ed.
1655 2683 1833 2732 Parm.
1871 2682 2042 2730 Vicet.
2068 2679 2257 2742 Isingr.
2298 2678 2453 2730 Junt.

248 2744 444 2809 Gryph.
473 2745 653 2795 Colin.
696 2747 835 2808 signa
867 2747 950 2794 vel
994 2754 1127 2796 scuta
1148 2748 1280 2812 Reg.
1323 2749 1469 2797 Med.
1517 2763 1617 2798 sec.
1655 2748 1941 2811 Reptatique
1982 2749 2141 2794 secuta
2177 2745 2304 2795 Var.
2346 2743 2458 2793 LL.

248 2809 325 2859 ed.
347 2810 521 2861 Antv.
559 2826 810 2874 regumque
834 2811 915 2859 vel
953 2825 1235 2875 regnumque
1259 2813 1389 2876 Reg.
1424 2813 1610 2872 feroces
1633 2813 1759 2862 Exc.
1787 2813 1936 2861 Laeti.
1954 2812 2166 2871 jacentes
2186 2810 2308 2858 Vat.
2331 2815 2456 2859 tert.

247 2873 393 2924 Rott.
418 2876 603 2925 Oxon.
629 2890 710 2939 pr.
734 2882 941 2925 recentes
960 2877 1253 2940 quindecim
1279 2880 1387 2940 alii,
1412 2880 1540 2928 Exc.
1568 2878 1787 2928 Gevart.
1810 2878 2030 2926 LucenS.
2053 2889 2131 2937 pr.
2170 2875 2252 2925 ed.
2276 2874 2457 2923 Parm.

247 2947 297 2989 et
314 2941 487 2990 Vicet.
515 2941 643 2989 item
664 2940 877 2990 Schedae
902 2942 1041 2991 Gud.
1076 2940 1264 3000 feroces
1283 2944 1360 2992 vel
1384 2948 1592 2991 recentes
1623 2943 1768 2993 Med.
1803 2957 1904 2992 sec.
1939 2941 2124 3000 feroces
2138 2939 2221 2990 vel
2243 2940 2461 3000 jacentes

248 3004 475 3070 florent.
498 3005 722 3064 jacentes
739 3006 821 3054 vel
840 3012 1049 3056 recentes
1072 3008 1328 3070 Rege—23
1365 3008 1578 3057 Eximio:
1599 3009 1773 3058 Vicet.
1797 3007 1912 3056 mihi
1937 3021 2030 3070 pro
2067 3004 2157 3053 tibi
2182 3005 2352 3054 Oxon.
2376 3017 2466 3068 ph⁴

246 3074 366 3120 -25
403 3070 628 3119 torsisset
649 3070 708 3118 ab
753 3071 880 3119 Istro
903 3071 1028 3120 Pnt.
1055 3073 1175 3123 Pat.
1212 3074 1389 3122 Austro
1413 3073 1531 3122 Pal.
1557 3073 1702 3123 Med.
1740 3076 1953 3137 ιιι-26
1986 3073 2111 3120 coede
2157 3070 2330 3119 Oxon.
2352 3082 2458 3118 sec.

243 3139 375 3197 parte
396 3150 571 3199 marg.
595 3134 803 3186 Marcii.
816 3140 1005 3200 patrem
1025 3138 1147 3188 Vat.
1168 3138 1412 3202 quinque.
1452 3139 1606 3189 Fam.
1629 3139 1776 3188 Prie.
1802 3137 1967 3188 Oisel.
1990 3136 2114 3186 Jun.
2140 3149 2247 3186 sec.
2266 3134 2460 3195 ferrans

1255 3285 1467 3336 NOTAE

254 3397 405 3448 “ensi
427 3398 698 3449 Praetorio
714 3398 872 3462 nasci,
894 3414 1093 3463 magnae
1124 3406 1240 3450 erat
1263 3408 1319 3453 et
1393 3416 1557 3463 gnere.

246 3472 543 3538 felicitatis,
557 3482 614 3526 et
630 3474 950 3527 fortitudinis
969 3476 1159 3527 fntnrae
1184 3493 1317 3542 prae-
1467 3479 1639 3527 Traxit
1658 3479 1715 3526 de
1732 3477 1861 3526 crine
1880 3473 2104 3538 sagittas]
2154 3471 2363 3522 Met-ciis
2379 3469 2458 3521 in-

248 3552 459 3613 ”gium-
1397 3556 1522 3605 colae
1546 3554 1786 3605 solebant
1822 3554 2039 3617 implere
2079 3551 2247 3600 crines
2281 3549 2456 3613 par-'vis

310 3631 372 3678 18
404 3630 577 3679 Ferox
601 3629 884 3695 Germania]
914 3631 1161 3681 Germani
1185 3632 1322 3682 Rhe·
1397 3633 1623 3697 sagittis.

250 3702 300 3751 ni
318 3706 512 3755 accolae
532 3705 786 3769 bellicosi,
809 3715 863 3756 et
875 3707 989 3771 jugi
1012 3708 1316 3759 dominatio·
1461 3716 1527 3761 22
1561 3713 1788 3761 Recentes
1824 3706 2028 3769 exuvioe]
2062 3705 2219 3755 Caede
2257 3717 2323 3755 ac
2341 3711 2458 3756 san·

252 3778 431 3845 niaque
490 3782 860 3845 impatientes:
911 3784 1180 3834 continens
1222 3800 1315 3848 pro
1399 3788 1553 3852 guinc
1577 3802 1759 3837 recens
1779 3785 2062 3846 madenteS,
2082 3781 2394 3830 horrentem·

252 3863 528 3920 contento,
558 3858 958 3921 Metonymicfis.
1461 3869 1526 3915 24
1565 3863 1789 3926 Torvum]
1823 3861 2121 3926 Spirantem
2144 3857 2331 3918 adhuc,
2353 3860 2459 3907 tor·

254 3935 269 3950 “
298 3937 378 4008 «²⁰
414 3934 685 3997 Caucasus]
741 3936 894 3984 Mons
947 3936 1176 3998 gentium
1221 3938 1314 3986 im·
1394 3956 1459 3991 vo
1485 3942 1649 4002 vultn,
1671 3939 1823 4000 bella,
1842 3936 2025 3996 minas,
2043 3933 2231 3983 caedes.

252 4015 662 4065 missiniarnm
680 4016 883 4081 hospes,
910 4017 1173 4082 Scythiam
1197 4018 1316 4068 diri·
1456 4021 1522 4066 25
1558 4016 1634 4066 Ab
1673 4013 1874 4076 Histro]
1909 4013 2043 4060 Post
2075 4009 2310 4058 devictas
2335 4019 2460 4069 gen·

252 4101 393 4141 nens
420 4093 490 4141 ab
516 4092 688 4142 India.
1396 4089 1496 4143 tes'
1517 4091 1927 4154 humanissimas,
1960 4087 2262 4138 Danubium
2307 4097 2460 4137 acco·

314 4167 506 4218 Positis
521 4169 786 4232 pharetris]
818 4169 1074 4221 Pharetra
1096 4178 1182 4222 est
1204 4173 1315 4223 the·
1397 4170 1583 4219 lentes
2449 4169 2454 4176 ’

256 4245 680 4307 mnndejmmia
701 4244 1091 4309 depromuntur.
1382 4267 1385 4268 ⁷
1462 4251 1528 4295 26
1560 4243 1761 4306 Arctoa]
1794 4245 2011 4308 Ἄρκτος,
2059 4240 2203 4303 Ursa,
2251 4238 2459 4303 signum

266 4351 273 4359 »
314 4319 379 4372 fl
414 4320 612 4386 Meroe]
646 4322 824 4373 Insuia
846 4324 976 4389 Nili,
996 4325 1168 4392 vulgo,-
1190 4327 1319 4380 Gue-
1398 4325 1612 4376 coeleste
1632 4316 2458 4389 infloptemtrionefflndesretnn
