2925 4928
901 430 999 480 nn
1050 427 1289 492 nunno
1334 425 1778 483 canonum.

248 591 333 657 Et
357 592 609 658 Veios:
655 593 915 658 brevior
943 577 1113 672 duxi
1139 594 1439 657 securius
1465 597 1710 657 aevum.

246 694 404 778 Ipsa
428 702 630 761 nocet
658 697 901 761 moles.¹
987 695 1266 759 Utinam
1296 713 1590 760 remeare
1618 695 1855 762 liceret

243 796 347 862 Ad
379 806 640 864 veteres
671 800 857 878 fineS,
886 804 954 864 et
984 801 1235 864 moenia
1263 798 1585 882 pauperis
1616 797 1836 888 Anci!

242 900 618 967 Sufficerent
641 903 925 967 Etrusca
947 902 1108 965 mihi
1130 900 1618 985 ‘Campanaque
1646 900 1853 977 culta,

242 999 323 1066 Et
351 1001 587 1082 Quinti
620 1003 935 1088 Curiique
951 1023 1161 1086 segeS,
1193 1003 1566 1086 patriaeque
1591 1004 1837 1085 petenti

241 1103 562 1171 Rusticus
590 1108 852 1173 inferret
878 1109 1187 1191 proprias
1212 1107 1521 1170 Dictator
1548 1107 1812 1169 aristas.

239 1208 436 1274 Nunc
462 1210 626 1294 quid
655 1230 850 1293 agam
870 1213 900 1274 ‘l
949 1211 1237 1293 Libyam
1269 1209 1520 1294 Gildon
1550 1214 1749 1285 tenet,
1781 1210 1988 1273 altera
2018 1207 2280 1273 Nilum.

236 1310 366 1376 Ast
391 1334 541 1395 ego,
573 1333 726 1400 quae
757 1321 969 1379 terras
995 1313 1290 1377 humeris
1318 1318 1736 1395 pontumque
1771 1314 2029 1396 subegi,

234 1465 409 1515 beatior
437 1468 626 1517 divitiis
651 1455 878 1530 exiguis:
909 1469 1062 1517 catius
1082 1473 1200 1518 esset
1223 1468 1331 1533 pati
1369 1467 1570 1516 Sabinos
1606 1471 1652 1514 et
1695 1465 1846 1516 Veios.
1914 1467 2026 1526 Ego
2056 1467 2210 1516 minor·
2242 1468 2442 1517 traduxi

234 1533 377 1581 vitam
399 1533 569 1582 tutius.
637 1534 749 1597 Ipsa
771 1536 1045 1595 magnitudo
1068 1535 1379 1582 incommodae
1419 1534 1561 1581 mihi.
1605 1533 1799 1579 Utinam
1829 1532 2186 1594 permitteretur
2212 1533 2335 1580 mihi
2370 1548 2443 1582 re·

232 1599 332 1645 dire
350 1600 413 1645 ad
441 1600 617 1661 priscos
639 1600 831 1658 limites,
853 1604 900 1648 et
935 1615 1089 1648 muros
1114 1600 1234 1648 Anci
1264 1596 1525 1663 pauperis!
1556 1597 1667 1658 agri
1691 1596 1942 1645 Hetruriae
1982 1602 2030 1645 et
2068 1598 2357 1660 Campania»,
2393 1604 2443 1646 et

224 1662 395 1722 fruges
421 1664 593 1717 Quinti
610 1679 664 1712 ac
691 1664 831 1713 Curii
870 1663 989 1713 satis
1019 1669 1169 1712 essent
1193 1665 1326 1724 milii,
1346 1680 1402 1712 ac
1436 1664 1662 1712 Dictator
1691 1664 1895 1722 agrestis
1929 1661 2125 1723 afferret
2146 1663 2299 1724 spicas
2331 1677 2442 1712 enac

230 1727 403 1789 patriae
425 1729 635 1789 roganti.
694 1730 834 1778 Nunc
853 1730 966 1793 quid
986 1727 1207 1788 facium?
1242 1731 1390 1778 Gildo
1410 1729 1617 1791 possidet
1637 1727 1856 1789 Libyam,
1879 1728 2033 1775 altera
2065 1726 2270 1776 Aurora
2287 1740 2440 1777 occu-

232 1799 321 1856 pat
343 1794 639 1858 AEgyptum:
674 1799 749 1844 ast
771 1809 875 1858 ego,
898 1811 1000 1859 qua:
1023 1795 1183 1844 domm·
1203 1801 1355 1844 terras
1376 1800 1423 1843 et
1441 1808 1570 1842 mare
1592 1795 1764 1841 dextra
1788 1807 1921 1855 mea,
1957 1793 2262 1856 derelinquor.
2307 1793 2442 1842 Mer·

1158 1917 1449 1937 “O“‘OO‘O
1458 1917 1514 1936 00

233 2012 403 2071 quart.
426 2007 557 2056 Exc.
583 2007 714 2057 Cod.
740 2008 1083 2058 Rhem.⁴-10⁷
1124 2007 1262 2068 Reios
1294 2008 1416 2057 Vat.
1457 2021 1537 2070 pr.
1594 2006 1763 2054 Vehios
1783 2006 1905 2055 Vat.
1931 2010 2104 2070 quart.
2138 2004 2255 2054 Pal.
2291 2005 2440 2056 Leid.

231 2086 307 2136 pr.
332 2073 466 2121 Exc.
492 2073 642 2122 Laeti.
677 2075 819 2123 duxit
842 2074 1170 2124 ὤθει-109
1188 2073 1319 2138 fines
1338 2077 1518 2121 veteres
1536 2072 1657 2120 Pat.
1694 2071 1815 2119 cives
1838 2072 2157 2120 Parin—llo
2194 2070 2438 2136 Sufficient

2312 881 2559 970 110⁶„

232 2137 378 2187 Med.
402 2144 575 2202 quart.
623 2139 752 2188 cultu
777 2141 856 2188 vel
886 2145 1003 2194 rura
1038 2139 1184 2187 Med.
1224 2142 1465 2201 pr.—lll
1510 2138 1576 2186 Ut
1603 2137 1774 2191 Quinti
1796 2136 1943 2186 Leid.
1967 2151 2047 2198 pr.
2103 2136 2299 2190 Quincti
2325 2136 2441 2186 Flo·
2535 2146 2539 2150 “

232 2211 363 2252 rent.
419 2203 602 2266 petenti
627 2205 748 2253 Vat.
776 2210 899 2253 tert.
937 2204 1082 2252 Med.
1122 2213 1227 2252 sec.
1266 2203 1387 2251 Pat.
1431 2202 1609 2250 Ambr.
1648 2209 1771 2251 tert.
1811 2204 1937 2252 Exc.
1970 2202 2123 2251 Laeti.
2148 2208 2202 2251 et
2228 2201 2438 2250 Ruben.

225 2268 408 2331 potenti
452 2269 635 2332 viginti
669 2278 869 2332 septem
896 2269 1062 2319 Codd.
1089 2270 1261 2319 Oxou.
1285 2268 1434 2318 Leid.
1460 2267 1654 2316 Lovan.
1683 2275 1788 2316 tres
1823 2268 2061 2316 Pulman.
2086 2266 2168 2317 ed.
2189 2268 2358 2316 VIcet.
2384 2272 2442 2316 et

232 2334 360 2383 Exe.
384 2334 604 2384 Gevart.
635 2335 818 2398 potenti
842 2336 922 2383 vel
943 2335 1124 2398 petenti
1146 2334 1289 2382 Med.
1316 2337 1561 2396 pr.—-ll2
1594 2331 1795 2392 inferret
1820 2333 2036 2395 proprias
2059 2333 2291 2381 Florent.
2315 2333 2440 2381 Put.

232 2399 361 2462 Reg.
392 2398 598 2448 Thumi.
624 2400 830 2449 -Mazar.
870 2401 1068 2449 Bonon.
1109 2399 1230 2447 Pat.
1268 2400 1394 2448 Lov.
1430 2398 1632 2446 Tholos.
1655 2399 1774 2447 Vat.
1801 2399 1965 2447 Liviu.
1997 2397 2099 2446 duo
2123 2398 2303 2447 Heius.
2332 2406 2439 2447 tres

229 2464 414 2514 PetaV.
440 2464 657 2514 totidem
684 2466 863 2515 Ambr.
885 2466 1107 2531 quatuor
1132 2464 1278 2514 Med.
1304 2463 1388 2513 ed.
1415 2463 1591 2513 Parm.
1618 2463 1747 2513 Exc.
1768 2464 1982 2513 Gevurt.
2006 2463 2192 2513 Sched.
2218 2462 2357 2512 Gud.
2392 2468 2439 2511 et

226 2530 445 2593 proprias
453 2529 616 2589 ferret
635 2531 718 2581 ed.
741 2532 915 2580 Vicet.
949 2532 1147 2580 harenas
1168 2545 1264 2594 pro
1286 2530 1462 2579 aristas
1485 2531 1528 2578 V
1536 2535 1607 2578 at.
1632 2536 1750 2577 tert.
1776 2546 1840 2577 m.
1866 2543 1946 2591 pr.
1966 2529 2272 2577 Pria—113
2299 2529 2440 2576 Nunc

231 2595 349 2644 Vat.
371 2596 542 2644 Livin.
565 2597 693 2644 Exc.
716 2596 870 2645 Laeti.
906 2597 1035 2645 Num
1053 2598 1176 2645 Vnt.
1195 2603 1274 2660 pr.
1300 2611 1366 2643 m.
1387 2609 1468 2658 pr.
1505 2594 1619 2642 Heu
1641 2594 1822 2642 Ambr.
1842 2608 1919 2656 pr.
1944 2592 2067 2643 Ald.
2086 2592 2273 2641 Sched.
2297 2593 2441 2643 Gud.

231 2660 356 2708 Nam
379 2659 672 2710 octodecim
699 2662 804 2721 alii,
827 2663 956 2711 Exc.
982 2661 1200 2710 Gevart.
1226 2661 1310 2709 ed.
1335 2660 1506 2708 Vicet.
1556 2660 1668 2708 Heu
1694 2660 1773 2706 vel
1803 2659 1928 2706 Nam
1957 2658 2082 2706 Var.
2106 2659 2212 2707 LL.
2232 2672 2260 2704 e
2277 2672 2437 2720 marg.

232 2724 406 2775 Parm.
458 2727 612 2774 altera
636 2726 817 2775 ‘Nilum
853 2726 1080 2775 Florent.
1105 2740 1219 2776 cum
1244 2726 1447 2788 Glossa,
1475 2725 1509 2772 i.
1533 2740 1571 2773 e.
1598 2723 2039 2786 Constantinopolis.
2065 2723 2171 2772 vid.
2194 2738 2267 2770 vs.
2292 2726 2440 2771 61.-·-

233 2795 320 2839 114
355 2793 519 2854 Atque
535 2806 623 2853 ego
645 2792 726 2840 vel
743 2794 835 2840 Ast
856 2806 941 2852 ego
966 2792 1090 2840 Put.
1145 2792 1228 2854 qni
1250 2791 1436 2839 Petav.
1458 2804 1562 2839 sec.
1601 2789 1890 2851 humerisque
1910 2789 2073 2849 subegi
2097 2789 2292 2837 Moret.
2332 2801 2437 2851 sec.

231 2857 371 2904 arinis
396 2857 516 2905 Vat.
541 2856 708 2906 Livin.
737 2857 866 2904 Exc.
890 2857 1041 2908 Laeti.
1077 2863 1133 2905 et
1172 2855 1374 2905 Ruben.
1400 2855 1487 2918 qui
1511 2855 1717 2903 numeris
1736 2854 1963 2914 legebat.
1999 2855 2063 2902 ad
2084 2868 2196 2919 quae
2222 2867 2441 2917 sequen-

233 2921 296 2968 tia
332 2921 384 2969 in
423 2923 657 2985 margine
697 2922 895 2970 notavit
936 2921 1198 2971 HeinsiuS.
1234 2919 1462 2982 numeris]
1494 2921 1509 2946 ‘
1533 2922 1605 2968 ita
1629 2921 1900 2980 legendum
1937 2920 2139 2968 censuit
2161 2919 2437 2983 Philippus

234 2986 496 3035 Rubenius
520 2987 571 3034 in
594 2986 789 3036 Electis
809 2988 932 3049 suis,
956 2988 1038 3035 cui
1066 3001 1165 3034 nou
1189 2984 1399 3035 accedo.
1433 2985 1600 3048 probo
1623 2984 1785 3046 magis
1806 2983 1865 3031 τὸ
1887 2997 2076 3032 ARMts.
2103 2984 2184 3032 vel
2207 2986 2361 3033 etiam
2380 2982 2440 3031 τὸ

233 3046 500 3113 numnam,
515 3057 575 3100 ut
597 3051 889 3102 Gronovius
911 3053 1142 3114 explicat
1162 3052 1213 3100 in
1238 3051 1495 3100 Statium!
1514 3051 1679 3113 peregi
1703 3050 1850 3098 Leid.
1871 3064 1949 3112 pr.
1974 3049 2219 3098 Heinsius
2243 3050 2307 3098 ad
2330 3048 2442 3098 vui-

234 3125 399 3178 gatam
421 3116 631 3165 humeris
645 3117 810 3179 subegi
832 3117 1134 3165 firmandam
1175 3117 1491 3179 ascripserat
1527 3116 1639 3164 loca
1676 3116 1945 3164 Claudian.
1983 3116 2047 3164 de
2086 3116 2150 3164 B.
2176 3115 2298 3164 Get.
2321 3119 2438 3165 571.

233 3184 248 3208 ⁴
271 3183 563 3246 molemque
598 3181 819 3231 labantis
856 3183 1066 3246 Imperii
1092 3181 1282 3231 fulcite
1318 3181 1577 3230 humeris?
1613 3187 1670 3229 et
1712 3181 1919 3243 Vopisc.
1954 3181 2007 3229 in
2047 3179 2221 3230 Probo
2245 3195 2297 3243 p.
2321 3184 2439 3229 236.

232 3248 246 3274 ‘
267 3247 545 3297 Sciendum
572 3247 670 3298 tibi
692 3247 777 3298 est'
796 3248 895 3298 tuis
917 3263 1054 3298 nunc
1075 3249 1299 3297 humeris
1321 3246 1611 3296 incubuisse
1636 3245 2037 3310 rempublicam!
2061 3254 2114 3296 et
2139 3247 2295 3296 Ovid.
2315 3246 2350 3295 l.
2375 3258 2438 3296 11.

1225 3376 1442 3439 NOTAE

296 3496 385 3541 107
421 3491 654 3555 Brevior]
702 3491 897 3555 Minor,
934 3497 990 3541 et
1028 3490 1294 3540 breviores

236 3569 421 3620 habens
446 3572 665 3635 Imperii
688 3571 891 3629 limites.

298 3651 388 3696 109
418 3647 572 3710 Anci]
597 3647 770 3697 Ancus
792 3647 1014 3697 Martius
1030 3644 1129 3696 fuit
1148 3661 1294 3713 quar-

240 3730 314 3772 tus
339 3726 448 3774 Rex
467 3727 832 3786 Romanorum,
852 3741 1049 3790 pauper
1067 3725 1294 3791 quidem,

237 3802 273 3848 εἰ
309 3817 423 3851 cum
465 3803 728 3851 immensis
762 3803 1144 3867 Imperatorum
1163 3803 1294 3853 divi-

237 3878 312 3926 tiis
332 3893 515 3929 census
530 3874 579 3942 ej
589 3895 644 3928 us
663 3887 1010 3944 comparetur.

297 3959 383 4004 111
413 3954 616 4017 Quinti]
658 3956 848 4005 Lucius
884 3956 1128 4008 Quintius
1173 3956 1288 4006 cin-

239 4031 466 4082 cinnatus
488 4032 557 4081 ab
579 4047 704 4095 agro
739 4039 1004 4096 evocatus,
1026 4042 1083 4082 ut
1113 4033 1293 4082 Dicta·
1324 4058 1327 4061 v

242 4116 312 4158 tor
333 4111 501 4173 fieret,
536 4124 630 4161 sua
652 4125 806 4159 manu
831 4125 1008 4160 semen
1044 4125 1291 4175 spargens

241 4188 466 4238 inventus
485 4195 589 4237 eet.

301 4264 453 4327 cna-ii]
503 4264 693 4314 Curius
731 4265 989 4314 Romanus
1032 4263 1160 4313 civis
1193 4261 1293 4311 for·
1323 4299 1329 4307 .

244 4340 448 4391 tissimus
487 4349 545 4391 et
602 4339 999 4404 frugalissimus,
1036 4340 1293 4404 Pyrrhum

361 4423 533 4488 Delph.
556 4427 606 4472 et
632 4422 746 4473 Vur.
773 4422 903 4474 Clas.

1255 4422 1428 4470 Claud.

1374 3490 1578 3556 Regem
1634 3490 1968 3553 Epirotarum
2024 3488 2222 3537 victum
2279 3488 2439 3539 ltalia

1375 3570 1596 3632 expulit,
1635 3567 1921 3617 Samnitum
1968 3580 2180 3615 munera
2208 3573 2439 3615 contem-

1375 3646 1462 3707 sit,
1504 3646 1689 3694 sedens
1728 3646 1779 3693 in
1820 3657 2047 3707 scamno,
2085 3658 2343 3709 rapasque
2383 3643 2439 3694 in

1372 3722 1493 3773 foco
1517 3731 1739 3772 torrenS.
2217 3768 2220 3769 γ

1442 3803 1536 3848 112
1593 3796 1843 3860 Dictator]
1935 3796 2125 3846 Lucius
2183 3796 2439 3867 'Quintius

1373 3876 1727 3938 Cincinnatus,
1752 3875 1816 3924 de
1841 3889 1940 3939 quo
1958 3889 2115 3939 supra
2135 3874 2288 3924 modo
2309 3875 2441 3926 dixi-

1371 3967 1502 4001 mus.

1438 4033 1532 4079 113
1557 4031 1748 4094 Altera]
1771 4030 1994 4092 Aurora,
2018 4030 2299 4094 Imperium
2319 4029 2441 4080 Ori-

1372 4107 1525 4168 entis,
1546 4107 2040 4172 ConstantinopoliS,
2065 4108 2118 4156 in
2154 4122 2255 4172 qua
2277 4107 2466 4172 impe-¹

1372 4185 1525 4233 rabat
1545 4183 1820 4234 Arcadius.

1438 4264 1535 4309 114
1571 4261 1824 4324 Humeris]
1858 4261 2008 4312 Totis
2044 4259 2256 4325 viribus,
2300 4261 2440 4313 omui

1372 4346 1584 4388 conatu.
2311 4342 2316 4345 “

2192 4421 2227 4469 2
2259 4415 2306 4466 A
