2925 4928
396 376 537 445 2801

399 547 666 613 Ionium
696 543 936 627 tegitur
965 540 1154 618 velis,
1184 542 1502 626 ventique
1521 542 1840 614 laborant.

397 648 538 713 Tot
567 667 843 713 curvare
875 647 1063 710 sinus
1096 666 1113 709 t
1161 650 1677 731 servaturasque
1710 647 2106 714 Corinthum

399 746 836 835 Prosequitur
864 748 1052 814 sacili
1069 747 1445 832 Neptunus
1475 753 1729 835 gurgite
1761 753 2047 820 classes·

400 854 488 919 Et
515 875 681 937 puer
711 853 1058 918 Isthmiaci
1084 853 1229 938 jam
1259 853 1518 936 pridem
1546 856 1795 921 littoris
1822 857 1982 921 exul

399 957 653 1022 Secura
673 956 916 1040 repetit
942 963 1183 1040 portus
1216 975 1370 1019 cum
1400 962 1612 1021 matre
1643 958 2022 1023 Palaemon.

397 1059 717 1126 Plaustra
744 1079 980 1125 cruore
1006 1064 1280 1125 natant:
1313 1062 1581 1158 metitur
1607 1062 1847 1146 pellita
1868 1061 2206 1147 juventus.

398 1164 569 1229 Pars
590 1166 845 1241 morb0,
867 1182 1030 1247 pars
1052 1181 1213 1227 ense
1233 1163 1423 1245 perit.
1511 1162 1674 1227 Non
1711 1165 1921 1229 lustra
1949 1157 2200 1249 Lycaei,

1110 395 1246 443 ma·
1275 394 1706 445 CLAUDIAN}
1747 397 1936 446 ’ἾῙΙῙπιΔ

395 1311 575 1361 sarcire
594 1312 764 1361 danim
786 1311 1011 1360 Graecioe.
1076 1309 1228 1359 Mare
1272 1308 1455 1358 Ionium
1495 1308 1667 1358 statim
1685 1321 1688 1322 ’
1708 1309 1918 1373 operitur
1954 1309 2166 1372 ηαυίὁιιε,
2184 1315 2232 1359 et
2253 1310 2382 1359 venti
2403 1311 2487 1360 vix
2503 1317 2612 1375 posi

396 1382 506 1425 sunt
522 1377 760 1442 inflectere
781 1380 851 1424 tot
873 1378 1002 1425 vela.-
1049 1391 1104 1424 ac
1129 1377 1375 1437 Neptunus
1390 1374 1579 1424 deducit
1602 1376 1724 1423 mari
1742 1377 1937 1425 secundo
1959 1377 2124 1424 classes
2140 1375 2409 1435 defensuros
2435 1378 2607 1426 Corin-

394 1443 546 1490 thum.
616 1443 687 1490 Et
723 1456 843 1504 puer
867 1442 1106 1490 Paloemon
1137 1441 1356 1502 expulsus
1380 1440 1665 1500 jamdudum
1695 1440 1761 1489 ab
1792 1455 1876 1489 ora
1899 1440 2176 1502 Isthmiaca,
2198 1442 2324 1490 redit
2346 1440 2398 1489 in
2415 1446 2612 1504 portum

395 1522 502 1555 cum
546 1508 711 1556 Matre
743 1511 867 1555 tuta.
938 1506 1121 1555 Currus
1163 1506 1403 1554 exundant
1442 1505 1710 1566 sanguiue.-
1742 1505 1970 1566 juventus
2007 1507 2177 1569 pellita
2198 1503 2427 1555 occiditur
2443 1522 2461 1556 .·
2491 1521 2616 1570 para

337 1630 355 1640 ‚
391 1572 648 1635 perimitur
663 1571 838 1636 morbo,
862 1585 980 1633 pare
997 1570 1160 1632 gladio
1174 1585 1191 1620 .·
1223 1584 1315 1619 vum
1335 1571 1479 1634 sylva>
1499 1570 1682 1634 Lycaei,
1720 1586 1810 1620 non
1833 1571 2124 1621 abundantia
2144 1572 2346 1621 nemoris
2373 1573 2612 1636 Erymanta

1326 1696 1684 1716 ΟΟΟΙΙΟΙΟΝΙΟ

397 1770 524 1816 tert.
564 1766 803 1830 ventisque
844 1765 990 1815 Med.
1037 1769 1373 1830 quarn—462
1405 1779 1593 1814 servare
1625 1767 1755 1830 siuus
1798 1764 1944 1816 Med.
1988 1781 2093 1817 sec.
2133 1772 2488 1831 servaturusque
2525 1768 2608 1815 vel

395 1837 750 1894 servaturasque
774 1832 901 1894 Reg.
925 1832 1102 1880 Oxou.
1125 1846 1207 1894 pr,
1225 1836 1523 1893 servatasque
1545 1827 1626 1879 vel
1650 1836 1943 1895 servatosque
1985 1834 2111 1894 Var.
2146 1833 2251 1883 LL.
2272 1832 2353 1881 ed.
2377 1832 2610 1881 Antv.—

395 1900 490 1946 463
525 1897 664 1945 celeri
689 1896 940 1959 Neptunus
958 1897 1151 1946 Moret.
1177 1910 1256 1960 pr.
1299 1895 1493 1956 facibus
1517 1896 1733 1959 Neptuni
1752 1896 1788 1947 J
1793 1910 1877 1945 un.
1903 1901 2146 1960 pre—464
2180 1897 2372 1946 Ismaici
2392 1895 2610 1946 Tholosl

394 1962 622 2011 Insimaci
641 1962 766 2012 Var.
793 1963 898 2012 LL.
919 1961 1002 2010 ed.
1028 1960 1188 2012 AutV.
1225 1960 1472 2010 Hirmaioi
1498 1959 1672 2010 Oxou.
1716 1961 1953 2011 Hismaici
1966 1962 2308 2013 vicen—465
2344 1962 2613 2027 Securaque

393 2027 520 2090 petit
559 2028 683 2077 Vat.
726 2042 808 2090 pr.
846 2027 1002 2077 Farn.
1046 2027 1251 2076 Securus
1292 2026 1501 2075 Tholos.
1543 2031 1705 2088 portas
1740 2028 1866 2077 Var.
1902 2028 2008 2077 LL.
2044 2027 2126 2077 ed.
2149 2025 2310 2077 Antv.
2349 2043 2452 2076 eum
2470 2033 2618 2091 patre

396 2091 775 2141 Thomu—466
809 2092 983 2141 Castra
1004 2106 1184 2140 omnes
1205 2092 1353 2141 Vatt.
1377 2090 1492 2140 Pal.
1527 2092 1679 2140 Farn.
1702 2091 1844 2140 Prie.
1870 2093 2018 2142 Rott.
2041 2092 2206 2142 Oisel.
2251 2093 2477 2142 Plaustra
2501 2097 2611 2143 vet.

399 2156 620 2220 Gyrald.
657 2159 788 2208 Exc.
813 2157 966 2206 Laeti.
1010 2157 1213 2205 moritur
1216 2156 1398 2227 pellita
1427 2156 1556 2205 Vat.
1589 2157 1757 2220 quint.
1790 2157 1934 2207 Prie.
1967 2158 2163 2208 Thuan.
2185 2159 2308 2209 Jun.
2327 2173 2408 2221 pr.
2433 2158 2609 2208 Oxou.

397 2236 479 2284 pr.
519 2222 667 2271 Leid.
707 2236 813 2273 sec.
855 2222 938 2271 ed.
964 2222 1140 2271 Parm.
1177 2222 1348 2270 metuit
1376 2219 1523 2271 Med.
1550 2228 1720 2285 quart.
1757 2223 1951 2272 Moret.
1973 2237 2076 2272 sec.
2113 2223 2311 2273 metitur
2333 2230 2441 2273 tres
2457 2222 2611 2275 Med.

395 2288 617 2338 totidem
639 2286 821 2337 Ambr.
839 2293 896 2337 et
915 2287 1101 2336 PetaV.
1126 2287 1256 2348 Reg.
1272 2286 1399 2335 Put.
1423 2285 1547 2336 Pat.
1571 2287 1772 2337 Bonon.
1788 2287 1997 2339 Thalos.
2016 2288 2211 2338 Mazar.
2234 2289 2366 2337 Exci
2386 2289 2612 2340 Lucens.

397 2366 505 2402 sec.
548 2351 671 2403 Ald.
709 2358 763 2401 et
796 2353 921 2402 Var.
943 2352 1050 2403 LL.
1075 2366 1103 2399 e
1127 2366 1292 2413 marg.
1330 2352 1514 2401 Parm.-
1550 2352 1746 2401 metitur
1767 2353 1850 2402 vel
1872 2354 2075 2403 moritur
2095 2354 2221 2404 Vat.
2244 2359 2413 2418 quart.
2440 2353 2610 2403 Oisel.

397 2417 629 2468 mentitur
664 2419 796 2482 pelta
840 2418 923 2468 vel
961 2416 1135 2467 metuit
1168 2416 1336 2480 pellita
1370 2416 1499 2466 Var.
1538 2417 1642 2469 LL.
1666 2416 1751 2467 ed.
1787 2416 1951 2468 Antv.
1988 2419 2185 2469 metitur
2205 2420 2290 2469 vel
2306 2420 2507 2469 moritur
2524 2420 2613 2469 'vel

396 2485 569 2534 metuit
592 2486 720 2534 Lov.
747 2485 927 2548 polluta
959 2498 1054 2547 pro
1086 2483 1254 2546 pellita
1279 2481 1461 2532 Ambr.
1499 2487 1768 2534 sem-467
1801 2485 1917 2534 Jam
1933 2485 2090 2534 morbo
2109 2484 2264 2537 Wolf.
2308 2486 2437 2535 Pars
2451 2486 2614 2539 morbo
2688 2486 2690 2488 ’

1397 2597 1612 2649 NOTAE

400 2694 623 2760 Honori,
665 2702 722 2747 et
762 2696 938 2747 statim
981 2695 1199 2747 Stilicho
1243 2694 1462 2749 obedit:

400 2788 518 2823 nam
541 2788 698 2822 naves
721 2773 869 2824 ducit
891 2773 942 2821 in
961 2773 1236 2824 Graeciam.

466 2853 559 2898 461
598 2847 809 2910 Ionium]
863 2848 1017 2898 Mare
1045 2848 1186 2913 quod
1225 2856 1307 2900 est
1329 2848 1469 2900 inter

398 2925 630 2986 Italiam,
647 2924 880 2989 Epirum,
903 2931 960 2974 et
982 2939 1145 2990 usque
1164 2924 1229 2974 ad
1255 2926 1466 2978 Cretam

401 3001 748 3067 protenditur.
813 3002 898 3051 Sic
922 3001 1110 3052 dicitur
1131 3003 1195 3052 ab
1232 3003 1315 3066 Io,
1350 3003 1469 3053 Ina-

403 3078 488 3128 chi
522 3078 648 3142 filia,
673 3093 790 3143 quae
813 3078 865 3129 in
890 3079 1076 3131 bovem
1098 3080 1470 3133 transformata

403 3161 459 3204 et
503 3161 661 3205 oestro
683 3156 911 3207 Junonio
945 3157 1166 3221 percita,
1183 3157 1310 3206 illud
1328 3173 1470 3209 mare

403 3233 653 3295 tranavit,
675 3240 732 3283 et
754 3233 806 3282 in
829 3232 1112 3298 AEgyptum
1135 3234 1353 3285 transiit.

464 3309 730 3374 Laborant]
763 3309 938 3360 Tanta
959 3316 1042 3359 est
1063 3311 1270 3360 navium
1292 3312 1467 3362 multi-

399 3389 550 3452 tudo,
594 3394 656 3438 ut
695 3386 842 3438 venti
881 3388 1028 3440 velut
1054 3387 1347 3452 fatigentur
1402 3404 1466 3440 ac

400 3465 644 3515 laborent
668 3471 748 3515 tot
769 3465 1040 3529 impellere
1074 3468 1206 3517 vela.

465 3547 563 3592 462
599 3541 903 3608 Corinthum]
953 3537 1086 3592 Haec
1113 3550 1306 3615 tamen,
1322 3548 1467 3593 ¹teste

374 3616 379 3620 ’
402 3619 629 3682 zosimo,
653 3619 759 3683 jam
790 3619 1011 3684 spoliata
1033 3624 1166 3681 erat,
1189 3625 1467 3684 antequam

401 3695 616 3746 Stilicho
641 3696 693 3744 in
714 3695 975 3759 auxilium·
1000 3696 1220 3746 veniret.
1287 3695 1467 3746 Corin-

403 3772 522 3819 thus
563 3776 646 3822 est
669 3771 790 3820 urbs
825 3770 1036 3821 Achaiae
1068 3771 1124 3820 iu
1157 3772 1384 3836 Graecia,
1413 3772 1467 3822 in

399 3847 602 3899 Isthmo
626 3840 972 3898 Corinthiaco,

382 3982 385 3985 ,
467 3929 565 3974 463
601 3925 871 3988 Neptunus]
923 3925 1090 3975 Fictio
1120 3926 1302 3977 Poetis
1321 3926 1469 3977 fami-

400 4002 559 4062 liariS‚
573 4004 716 4053 Deos
733 4001 978 4052 inducere
993 4002 1095 4052 suis
1111 4003 1196 4054 He
1204 4004 1374 4055 roibus
1391 4003 1470 4055 fa·

403 4085 605 4130 ventes,

468 4159 566 4206 464
599 4154 757 4218 Puer]
806 4153 1076 4205 Palaemon
1099 4170 1230 4220 puer
1261 4163 1319 4206 et
1342 4159 1469 4208 Leu-

406 4233 590 4282 cothea
633 4232 741 4296 ejus
771 4238 959 4295 mater,
1000 4234 1212 4283 numina
1254 4235 1468 4299 marina,

405 4310 575 4377 fugati
597 4313 742 4366 metu
764 4310 1129 4379 Barbaromm,
1165 4311 1369 4366 rediere
1401 4315 1469 4366 ad

1546 2711 1662 2746 suos
1684 2702 1868 2760 portus
1903 2696 2130 2746 adventu
2161 2695 2471 2747 Stilichonis.
2538 2695 2613 2746 A·

1546 2773 1744 2824 thaman
1776 2775 1893 2823 Rex
1926 2774 2239 2838 Thebarum,
2277 2774 2426 2838 pulsa
2447 2788 2614 2823 uxore

1547 2849 1801 2913 Nephele,
1819 2848 2098 2914 liberisque
2131 2851 2258 2915 ejus,
2298 2850 2511 2914 Phryxo
2556 2856 2614 2901 et

1548 2924 1723 2990 Helle,
1747 2926 1844 2976 Ino
1865 2926 2048 2976 Cadmi
2063 2925 2221 2976 filiam
2242 2927 2613 2991 superinduxe-

1547 3008 1629 3052 rat
1651 3018 1952 3052 novercam:
1996 3004 2134 3053 unde
2170 3004 2225 3052 in
2248 3002 2477 3054 furorem
2502 3016 2614 3054 vers

1547 3095 1651 3144 sus,
1695 3081 1822 3131 dum
1854 3088 2012 3145 putat
2048 3081 2144 3130 Ino
2159 3096 2275 3132 esse
2298 3083 2533 3146 leaenam,
2556 3088 2614 3133 et

1544 3156 1678 3214 filios
1723 3173 1841 3208 suos
1876 3157 2161 3207 Learchum
2195 3164 2250 3207 et
2282 3157 2612 3207 Melicertam

1548 3233 1660 3297 ejus
1681 3236 1903 3297 catulos,
1935 3234 2224 3284 Learchum
2258 3235 2394 3283 saxis
2417 3234 2614 3295 illidit3

1549 3309 1687 3374 quod
1720 3309 1817 3360 Ino
1842 3310 2022 3359 videus
2044 3324 2161 3359 cum
2195 3310 2480 3360 Melicerta
2502 3325 2559 3360 se
2583 3325 2614 3360 e

1546 3400 1677 3449 rupe
1700 3388 2002 3439 Leucothea
2017 3387 2069 3435 in
2085 3402 2226 3437 mare
2241 3387 2614 3452 praecipitavit.

1547 3463 1649 3513 Ast
1689 3464 1841 3514 ambo
1878 3464 2109 3513 Deorum
2161 3464 2613 3514 commiseratione

1545 3539 1600 3590 in
1622 3542 1767 3591 Deos
1797 3541 2031 3592 conversi
2054 3548 2204 3592 suut:
2240 3541 2337 3592 Ino
2359 3543 2414 3592 in
2436 3544 2615 3594 Motu-³

1547 3624 1673 3682 tam,
1708 3619 2186 3669 etLeucotheam:
2235 3620 2517 3671 Melicerta
2558 3623 2614 3671 in

1545 3695 1917 3760 Palaemonem,
1933 3696 2089 3762 quiet
2113 3697 2378 3746 Portunus
2399 3697 2614 3761 dicitur,

1545 3771 1684 3836 quod
1723 3772 1776 3821 in
1816 3772 2069 3838 portubus
2101 3775 2397 3823 coleretur:
2455 3775 2611 3825 ambo

1545 3850 1716 3900 nautis
1733 3849 1930 3902 favent.

1612 3931 1710 3977 466
1758 3927 2010 3990 Plaustra]
2089 3929 2303 3992 Currus,
2356 3927 2616 3995 vehicula

1549 4005 1736 4070 quibus
1757 4011 1976 4054 utuntur
1994 4005 2165 4055 Getae.

1611 4081 1815 4144 Pellite]
1832 4082 2065 4132 Pellibus
2089 4082 2297 4144 vestita,
2315 4097 2462 4133 more
2487 4083 2617 4134 Bar·

1548 4160 1804 4210 batorum.
2287 4201 2300 4212 .

1613 4242 1710 4288 46⁷
1744 4239 1857 4288 Non
1894 4237 2070 4301 lustra]
2123 4238 2293 4302 Sylvae
2336 4238 2517 4302 Lycaei
2556 4244 2614 4290 et

1552 4313 1857 4380 Erymanthi
1896 4328 2001 4364 non
2044 4308 2305 4366 sufficiunt
2351 4315 2419 4365 ad
2458 4329 2612 4380 rogos
