2925 4928
982 377 1065 428 m
1114 376 1227 428 cr..
1275 375 1817 431 cLAUmANUM.
2408 363 2502 446 85

288 543 463 590 nune
484 522 754 609 quidem
774 521 1062 608 primum
1089 524 1333 605 amoris
1356 542 1710 590 accessum
1728 524 2041 607 sentienS,
2049 524 2495 615 lacrymisque

293 622 720 712 Proserpinae
748 632 1148 707 commotuS,
1175 648 1326 692 eam
1355 629 1609 693 solatur
1638 634 1705 694 et
1736 629 1928 714 elysii
1954 629 2400 716 descriptione
2428 636 2499 697 et

288 750 413 816 spe
445 733 807 816 potestatis
833 730 1077 796 futurae
1108 729 1207 817 (v.
1235 731 1652 811 273—306.).
1699 732 2003 798 Tandem
2029 735 2286 818 nuptiae
2315 733 2499 818 apud

287 833 535 899 inferos
562 835 769 911 omni,
801 854 936 920 qua
965 854 1088 919 par
1117 839 1239 912 est,
1268 834 1509 900 laetitia
1565 842 1635 901 et
1683 836 2038 901 festivitate
2073 837 2497 902 celebrantur

285 935 386 1022 (v.
416 938 858 1017 307—366.);
904 957 1025 1002 nec
1052 938 1350 1022 pronuba
1382 937 1594 1019 deest,
1625 941 1816 1025 cujus
1845 940 2028 1006 vices
2053 938 2221 1006 Nox
2263 959 2494 1014 susce*

287 1044 408 1126 pit,
438 1062 562 1107 nec
595 1042 1117 1127 epithalamium.
2437 1030 2444 1035 ’

374 1145 651 1210 Librum
711 1146 980 1209 tertium
1041 1143 1342 1219 Deorum
1401 1146 1691 1210 concilio
1751 1144 2162 1212 Claudianus
2226 1147 2495 1228 orditur,

285 1250 474 1335 quod
520 1250 897 1333 frequenter
947 1250 1233 1315 occurrit
1279 1248 1464 1333 apud
1493 1246 1758 1333 poetaS.
1844 1248 2115 1336 Jupiter
2164 1270 2502 1317 convoca-

284 1357 475 1418 verat
505 1353 722 1431 Deos,
751 1358 825 1416 ut
854 1373 977 1419 eos
1004 1358 1257 1419 vetaret
1301 1353 1501 1417 minis
1530 1353 1950 1437 gravissimis
1997 1354 2309 1441 adjectis,
2338 1373 2498 1439 rap-

281 1462 504 1523 torem
533 1457 959 1541 Proserpinae
988 1457 1180 1522 matri
1208 1455 1416 1522 filiam
1445 1457 1765 1541 quaerenti
1793 1456 2113 1534 indicare,
2144 1462 2218 1523 ut
2256 1462 2500 1523 coacta

282 1580 522 1626 omnes
580 1566 785 1626 terras
838 1566 1246 1645 peragraret,
1302 1560 1579 1645 votique
1637 1581 1921 1645 compos
1985 1560 2248 1626 tandem
2318 1562 2500 1627 facta

281 1663 680 1748 indicioque
704 1665 868 1729 laeta
886 1664 1267 1751 hominibus
1294 1656 1520 1747 fruges
1543 1664 1933 1747 impertiret.
1965 1664 2056 1728 Se
2074 1683 2316 1746 nempe
2339 1664 2504 1755 olim·

283 1787 566 1832 auream
585 1773 867 1838 aetatem
899 1766 1278 1844 sustulisse,
1314 1786 1400 1832 ne
1456 1767 1755 1832 homines
1781 1768 1921 1831 otio
1949 1771 2017 1831 et
2049 1776 2311 1849 torpore
2339 1786 2499 1831 con·

282 1869 667 1947 ficerentur,
719 1871 1150 1955 corporisque
1196 1878 1267 1934 et
1305 1872 1509 1936 animi
1561 1871 1736 1935 vires
1785 1871 1850 1934 in
1896 1868 2276 1954 quaerendis
2336 1870 2497 1937 vitae

283 1973 803 2038 necessitatibus
861 1978 1342 2049 exercerentur.
1434 1972 1638 2038 Nunc
1692 1977 1912 2038 autem
1988 1977 2242 2039 naturae
2298 1972 2497 2037 almae

286 2076 632 2160 precibuS,
662 2081 741 2140 ut
769 2075 904 2139 sibi
930 2076 1184 2153 liceret,
1217 2075 1503 2157 egestati
1532 2076 1838 2141 humanae
1872 2076 2122 2159 opibus
2153 2075 2295 2138 suis
2339 2076 2501 2139 sub-

286 2180 542 2257 venire,
570 2197 725 2243 sese
766 2178 998 2243 cedere
1023 2177 1125 2264 (v.
1158 2179 1442 2258 1-65.).
1535 2176 2064 2244 Comminatione
2103 2179 2304 2261 igitur
2334 2177 2498 2244 Plu-

286 2283 464 2347 tonis
476 2282 755 2366 Jupiter
772 2283 1032 2365 cogitur
1048 2301 1240 2347 suam
1257 2281 1477 2365 ipsius
1496 2281 1701 2346 filiam
1716 2280 2018 2363 prodere,
2030 2280 2334 2365 hancque
2362 2301 2501 2345 rem

287 2385 538 2449 malam
584 2386 655 2449 in
705 2386 952 2450 bonam
981 2385 1178 2450 vertit
1222 2385 1630 2463 hominibuS,
1676 2382 2120 2471 Cereremque
2162 2385 2497 2449 erroribus

285 2490 563 2573 insuper
611 2489 874 2570 fatigat,
923 2496 1001 2554 ut
1057 2491 1194 2554 illis
1247 2491 1484 2556 melius
1530 2489 1802 2555 tandem
1841 2490 1950 2554 sit.
2040 2489 2086 2554 J
2091 2509 2201 2554 am
2228 2507 2499 2573 quoque

287 2612 577 2677 quaeraS,
603 2612 930 2677 quorsum
960 2592 1223 2657 tandem
1256 2598 1361 2657 tot
1412 2594 1716 2675 tantique
1746 2593 2048 2658 errores?
2141 2590 2384 2654 Nonne
2405 2655 2412 2662 ,
2434 2595 2502 2656 et

285 2696 434 2759 sine
480 2696 615 2774 his,
664 2696 953 2781 praemio
995 2696 1237 2780 judicii
1304 2696 1532 2759 statim
1581 2695 1956 2779 proposito,
2016 2693 2222 2758 Ceres
2279 2693 2500 2776 fruges

286 2805 475 2864 terrae
506 2798 667 2863 dare
689 2800 1002 2883 poterat'l
1093 2799 1429 2882 Equidem
1456 2798 1705 2877 habeo,
1747 2799 1929 2883 quod
1960 2819 2051 2863 ex
2083 2797 2359 2880 antiqua
2385 2795 2502 2861 illa

284 2901 518 2966 fabula
565 2900 1053 2984 respondeam;
1099 2901 1336 2966 vellem
1384 2907 1604 2966 tamen
1658 2922 1765 2966 me
1812 2922 1855 2967 a
1902 2900 2106 2986 poeta
2154 2901 2261 2966 vel
2295 2900 2495 2965 verbo

281 3023 431 3069 esse
458 3001 807 3097 monitum.
898 3003 1069 3069 Sunt
1094 3009 1423 3089 praeterea
1450 3007 1663 3090 plura,
1687 3006 1928 3089 quibus
1959 3006 2201 3082 elucet,
2227 3001 2502 3087 poetam

285 3106 368 3171 de
419 3107 689 3172 consilii
717 3107 980 3172 ratione
1024 3127 1155 3171 non
1198 3108 1395 3173 nimis
1438 3109 1654 3173 fuisse
1703 3108 2066 3185 solicitum,
2098 3114 2165 3172 et
2212 3105 2498 3189 ingenie,

283 3216 617 3295 quatenus
661 3209 733 3273 in
778 3210 981 3274 rebus
1004 3211 1416 3275 inveniendis
1443 3231 1519 3275 se
1545 3216 1833 3288 exserat,
1868 3229 2150 3274 acumen
2178 3205 2497 3273 defuisse.

285 3312 563 3378 Interim
587 3312 789 3378 Ceres
815 3313 1076 3376 somnia
1097 3312 1281 3377 videt
1297 3313 1648 3396 complura
1663 3333 1753 3378 ex
1774 3310 2123 3398 ὅνειροπόλων
2144 3311 2502 3394 disciplina

282 3416 472 3500 quasi
515 3417 830 3494 subnata,
877 3405 1164 3499 quorum
1205 3415 1343 3504 alia
1372 3416 1525 3479 aliis
1555 3416 1839 3480 clariora
1870 3421 1935 3480 et
1974 3414 2500 3498 significantiora

278 3523 480 3584 erant.
574 3516 886 3582 Ceterum
924 3536 1167 3581 numen
1219 3518 1499 3602 aliquod
1548 3520 1889 3582 somnians
1919 3519 2004 3583 ab
2038 3519 2266 3602 aliquo
2293 3516 2495 3602 poeta

277 3620 486 3686 fuisse
533 3622 903 3697 inductum,
951 3639 1131 3684 nunc
1165 3620 1458 3705 quidem,
1493 3640 1646 3685 cum
1691 3619 1819 3685 hoc
1860 3621 2107 3696 scribo,
2138 3619 2357 3702 legere
2387 3638 2495 3683 me

279 3742 410 3788 non
438 3725 738 3789 memini.
831 3721 1138 3788 Tandem
1167 3721 1383 3805 ipsius
1413 3722 1574 3787 filiae
1612 3723 1835 3805 imago
1868 3724 2170 3789 oboritur
2199 3719 2494 3799 cubanti,

281 3829 643 3911 matrisque
675 3828 1026 3904 incuriam,
1055 3844 1192 3890 non
1215 3826 1485 3908 quidem
1514 3828 1865 3904 immerito,
1895 3827 2014 3890 sed
2042 3827 2245 3909 paulo
2276 3833 2499 3909 tamen

280 3931 754 4007 vehementiuS‚
769 3949 976 4013 quam
1006 3928 1166 3996 filiae
1198 3948 1323 4013 par
1352 3936 1558 4008 esset,
1583 3931 1919 4007 incusanS,
1942 3930 2162 3994 macie
2194 3928 2498 3993 confecta

281 4033 670 4116 catenisque
719 4038 996 4097 onerata
1043 4035 1135 4110 (V.
1180 4029 1553 4118 66-110.).
1644 4032 1914 4111 Quibus
1958 4033 2153 4096 rebus
2204 4031 2497 4096 excitata

281 4133 504 4214 CereS,
536 4143 635 4213 ut,
669 4134 1231 4219 quemadmodum
1274 4135 1433 4218 ipsa
1480 4137 1844 4220 profitetur,
1895 4136 2295 4200 securiorem
2333 4132 2493 4199 filiae

276 4235 496 4330 locum
547 4238 997 4324 prospiceret,
1064 4239 1285 4308 animo
1341 4239 1787 4305 calamitatem
1837 4238 1985 4323 jam
2009 4237 2491 4328 praesagiente,
