2925 4928
440 410 571 477 250
1135 434 1251 484 on.
1300 435 1728 486 anvaNr
1777 422 1954 488 vm?

443 572 733 639 Moturae
766 594 1071 642 convexa
1100 597 1337 644 comoe.
1423 580 1598 646 Tum
1629 583 1931 649 scindere
1976 589 2194 653 nubes

442 678 784 756 Discebat,
813 679 1192 766 fulmenque
1221 682 1369 747 rudi
1406 687 1706 766 torquere
1735 687 2002 752 lacerto.

441 780 687 846 Laetzior
716 783 997 864 augurio
1027 785 1304 866 genitor,
1335 787 1643 870 natisque
1677 790 2006 872 superbus

438 882 485 946 J
489 903 596 948 am
627 886 926 968 paribus,
958 886 1211 971 duplici
1241 888 1452 954 fultus
1485 897 1791 955 consorte
1818 891 2099 972 redibat,

443 985 980 1071 splendebatque
1010 990 1125 1072 pio
1155 992 1547 1075 complexus
1577 993 1860 1075 pignora
1889 1014 2104 1060 curru.

442 1085 651 1151 Haud
681 1089 863 1153 aliter
892 1108 1152 1155 summo
1181 1093 1424 1174 gemini
1452 1113 1605 1158 cum
1634 1100 1822 1178 patre
1855 1096 2182 1177 LaconeS,

441 1187 803 1270 Progenies
832 1190 1102 1270 Ledaea,
1133 1193 1395 1260 sedent:
1440 1195 1510 1259 in
1546 1201 1817 1279 utroque
1844 1199 2134 1265 relucent

445 1286 697 1369 Frater,
728 1298 1021 1377 utroque⁸
1036 1315 1239 1361 soror.
1331 1297 1546 1362 Simili
1576 1298 1872 1383 chlamys
1901 1300 2111 1367 effluit
2139 1322 2301 1368 auro
2332 1327 2347 1371 t

447 1390 705 1458 Stellati
732 1397 986 1478 pariter
1015 1399 1253 1463 crines.
1337 1399 1551 1466 Juvat
1577 1401 1726 1484 ipse
1756 1402 2126 1471 Tonantem

441 1545 536 1581 non
555 1535 706 1585 adhuc
726 1535 1112 1600 diffundebantur
1139 1557 1230 1604 per
1249 1543 1502 1593 cervicem.-
1534 1550 1646 1594 tunc
1666 1546 1898 1596 ediscebat
1935 1562 2150 1613 rumpere
2171 1549 2370 1612 nimbos,
2392 1557 2440 1602 et
2463 1553 2667 1604 vibrarev

431 1595 619 1656 fulmen
653 1615 795 1649 manu
837 1602 1102 1668 inexperta.
1169 1608 1320 1656 Pater
1350 1608 1664 1659 Theodosius
1697 1611 1899 1660 hilarior
1939 1613 2037 1662 hoc
2075 1617 2330 1678 praesagio,
2362 1622 2411 1666 et
2439 1620 2659 1681 glorians

428 1661 676 1726 flliisjam
711 1667 983 1732 (equalibus,
1009 1667 1171 1729 fretus
1186 1673 1377 1734 gemino
1397 1675 1520 1724 socio
1545 1674 1759 1738 Imperii
1784 1677 2121 1741 revertebatur,
2143 1695 2199 1728 ac
2210 1681 2434 1742 fulgebat
2455 1687 2659 1748 amplec-

441 1727 693 1791 tensfllios
712 1730 765 1779 in
788 1747 947 1793 curra,
962 1735 1074 1797 pius
1094 1736 1224 1800 ipse.
1290 1739 1374 1787 Sic
1393 1739 1606 1788 lacones
1622 1741 1834 1802 gemelli,
1855 1741 2110 1808 Ledoefilii
2130 1745 2374 1796 considant
2393 1762 2497 1798 cum
2513 1755 2664 1812 patre

436 1805 655 1854 supremo
674 1794 824 1845 Jove.
893 1798 953 1847 In
970 1798 1203 1863 anibobus,
1221 1804 1397 1864 species
1405 1803 1633 1863 fraterna
1654 1805 1878 1866 refulget,
1900 1807 1952 1855 in
1972 1808 2191 1858 ambobus
2212 1811 2416 1873 species
2452 1815 2657 1862 sororia.

449 1856 672 1922 chlamys
690 1874 864 1910 eorum
884 1870 1128 1915 contexta
1146 1881 1261 1915 auro
1282 1869 1394 1932 pari
1411 1867 1730 1932 diffimditurt
1751 1872 1913 1934 capilli
1934 1878 2054 1922 sunt
2084 1873 2310 1925 similiter
2330 1879 2487 1927 aureit
2520 1893 2658 1928 error

1373 1996 1731 2018 ‘NOOO‘O‘OOO

444 2066 545 2115 hoec
566 2067 688 2119 Vat.
713 2077 1041 2134 quart—201
1079 2076 1291 2133 Mataroe
1311 2079 1433 2129 Vat.
1475 2086 1596 2132 tert.
1634 2081 1783 2133 Rott.
1820 2084 1963 2133 Jubae
1985 2085 2109 2135 Put.
2150 2086 2269 2136 Pat.
2305 2102 2409 2136 cum
2445 2087 2662 2138 scindere

444 2129 623 2182 Ambr.
646 2149 724 2197 pr.
746 2135 869 2186 Jun.
913 2144 970 2187 et
1000 2140 1190 2191 Moret.
1230 2157 1308 2205 pr.
1347 2149 1458 2193 tunc
1483 2145 1655 2197 Oxou.
1680 2147 1825 2198 Leid.
1846 2156 1903 2198 et
1936 2150 2484 2215 alii.·—-202flumenque
2507 2152 2654 2202 Leid.

443 2200 685 2258 pre—203
719 2201 936 2261 auguriis
972 2203 1118 2253 Med.
1157 2212 1280 2256 tert.
1322 2209 1527 2270 augurio
1563 2211 1647 2260 vel
1700 2218 1901 2273 augusto
1940 2214 2130 2265 PetaV.
2175 2220 2459 2267 tem—204
2497 2217 2661 2278 fultus

446 2259 611 2323 diplici
631 2263 825 2313 Mazar.
835 2263 1000 2322 fastus
1023 2268 1168 2319 Rott.
1189 2286 1294 2319 cum
1312 2279 1440 2323 sorte
1457 2274 1581 2325 Vat.
1618 2290 1699 2338 pr.
1722 2277 1865 2328 Med.
1879 2285 2009 2329 tert.
2030 2281 2385 2331 Thuan.—205
2418 2297 2502 2330 sao
2528 2283 2652 2332 Put.

446 2325 730 2376 Pau—206
745 2330 925 2390 gemini
945 2346 1121 2382 summo
1136 2335 1256 2384 Vat.
1281 2343 1403 2388 tert.
1429 2340 1572 2389 Rott.
1597 2340 1753 2391 Oisel.
1775 2342 2142 2394 Tholas—20⁷
2173 2347 2360 2395 sedent.-
2391 2346 2443 2395 in
2464 2351 2663 2410 utroque

445 2389 640 2440 Moret.
683 2393 854 2456 ambo,
893 2394 1013 2447 Ald.
1053 2405 1108 2447 et
1146 2398 1276 2449 Exc.
1311 2401 1525 2454 Gevart.
1561 2403 1627 2453 ad
1672 2405 1873 2469 Sebotti
1914 2409 2040 2459 Exc.
2081 2409 2305 2460 GronoV.
2339 2411 2662 2475 ascripserat

444 2454 614 2503 locum
658 2457 889 2509 Martial.
935 2461 1022 2512 lib.
1068 2476 1146 2513 rx,
1193 2466 1374 2530 Epigr.
1414 2473 1526 2519 103.
1569 2476 1822 2535 neutroque
1877 2474 2005 2523 Exc.
2052 2475 2179 2525 Cod.
2220 2477 2403 2527 Rhem.
2460 2482 2660 2541 uterque

448 2519 592 2570 Med.
629 2530 797 2586 quart.
835 2526 1068 2576 sedentem
1109 2533 1302 2594 utroque
1347 2532 1428 2583 ed.
1471 2534 1707 2585 Pulman.
1748 2536 1883 2585 unde
1909 2539 2154 2589 Barthius
2179 2555 2255 2603 pr.
2279 2542 2361 2592 ed.
2396 2542 2660 2592 sedentum.

449 2584 624 2634 relucet
681 2594 901 2651 quatuor
945 2592 1067 2642 Vat.
1111 2593 1228 2644 Pal.
1278 2597 1436 2646 Farn.
1471 2599 1613 2648 Prie.
1678 2603 1882 2650 relucent
1925 2610 2125 2666 septem
2187 2606 2452 2655 alii.-208
2506 2606 2661 2656 sinisti

449 2648 595 2699 Med.
636 2658 759 2702 tert.
799 2655 926 2717 Reg.
964 2657 1158 2707 Moret.
1204 2675 1281 2724 pr.
1323 2662 1470 2712 Leid.
1509 2679 1588 2727 pr.
1631 2665 1734 2714 duo
1758 2666 1927 2717 Oxon.
1965 2669 2093 2719 Exc.
2118 2669 2337 2721 Lucens.
2360 2685 2467 2728 sec.
2486 2672 2665 2721 similis

445 2726 629 2763 novem
649 2717 750 2767 alii.
765 2719 937 2767 similis
958 2722 1040 2770 vel
1061 2722 1208 2771 simil-i
1233 2726 1429 2777 Mazar.
1448 2728 1504 2777 in
1520 2730 1705 2780 PetaV.
1724 2746 1801 2795 pr.
1821 2739 1934 2781 erat
1957 2734 2141 2796 glossa.
2156 2734 2315 2784 Stat.‘
2336 2735 2488 2784 simili
2508 2743 2662 2787 coma

448 2771 679 2855 fulgurat
709 2782 882 2834 astro?
903 2786 1109 2852 chlamys
1145 2789 1286 2840 Prie.
1308 2792 1485 2841 clamor
1505 2795 1625 2843 Vat.
1661 2810 1738 2859 pr.
1776 2798 1932 2861 affluit
1969 2799 2096 2849 Exc.
2116 2800 2266 2850 Voss.
2300 2801 2660 2853 Priamum.

453 2841 538 2892 ed.
563 2845 899 2898 vicen—209
931 2850 1109 2900 crinem
1143 2853 1270 2918 legit
1310 2855 1657 2909 Heins.-2ll
1699 2861 1884 2910 Eurota
1920 2862 2064 2913 Med.
2110 2879 2193 2927 pr.
2233 2866 2427 2929 proprio
2470 2866 2660 2916 alamno

1438 2971 1658 3023 NOTAE

513 3057 608 3101 201
626 3054 836 3118 Matura:
849 3074 1052 3110 convexa
1069 3067 1230 3129 comcs]
1259 3066 1509 3118 Ovidius:

1592 3071 1644 3119 in
1699 3071 1921 3122 liberos:
1981 3074 2057 3122 sic
2097 3074 2291 3124 dicitur
2329 3075 2440 3138 pius
2474 3090 2663 3140 currus,

445 3126 791 3181 ‘Terribilem
827 3136 1016 3198 capitis
1046 3143 1306 3191 concussit
1328 3149 1512 3208 terque

1594 3146 1714 3211 quia
1738 3147 1876 3210 pium
1902 3147 2206 3212 Principem
2228 3151 2475 3201 continet.

447 3210 740 3272 quaterque
781 3210 1078 3276 Caesariem‚
1110 3231 1227 3266 cum
1270 3234 1373 3284 qua
1409 3227 1514 3271 ter-

449 3295 581 3345 ram,
604 3297 764 3348 mare,
788 3287 958 3339 sidera
979 3291 1176 3341 movit.’
1364 3345 1369 3352 ,,

514 3364 614 3410 202
647 3362 897 3428 Discebat]
951 3368 1045 3417 Dii
1083 3371 1134 3418 in
1169 3372 1394 3435 pueritia
1414 3374 1516 3423 dis-

446 3435 638 3486 cebant
661 3454 776 3503 quae
811 3441 864 3489 in
903 3443 1014 3493 aliis
1056 3447 1302 3499 aetatibus
1341 3457 1517 3501 essent

453 3510 664 3564 facturi.

511 3593 610 3640 208
666 3591 851 3642 Loetior
892 3597 1119 3660 augurio]
1197 3599 1514 3653 Theodosius

451 3667 681 3729 gaudens
719 3685 773 3720 se
812 3672 1015 3738 vidisse,
1037 3681 1092 3724 et
1119 3679 1341 3742 stellam,
1363 3686 1419 3730 et
1439 3682 1514 3745 ig-

447 3758 566 3794 nem
591 3746 926 3811 lambentem,
965 3752 1054 3816 qui
1091 3753 1341 3805 innocuus
1374 3756 1514 3807 illus·

451 3820 630 3871 trabat
651 3831 813 3887 caput
835 3826 1072 3876 Honorii.

514 3900 612 3946 204
650 3899 879 3966 Paribus]
913 3903 1128 3953 Honore
1151 3906 1513 3971 Imperatoriae

451 3971 742 4036 dignitati&

516 4047 712 4111 Faltus]
767 4050 883 4099 Filii
921 4060 1042 4103 sunt
1081 4064 1354 4119 parentum
1377 4075 1515 4126 spes,

451 4127 509 4172 et
531 4123 785 4173 columen.
1200 4141 1205 4144 ·
1466 4175 1472 4181 .

516 4202 612 4252 205
647 4201 740 4251 Pio
775 4203 942 4267 curru]
977 4205 1343 4271 complectens
1362 4228 1519 4265 curru

449 4272 599 4340 filios,
620 4291 722 4344 qua
752 4278 808 4329 in
842 4295 898 4334 re
921 4284 1231 4337 ostendebat
1265 4287 1520 4355 pietatem

1658 3229 1756 3274 206
1782 3226 1974 3275 Gemini
2001 3226 2223 3291 Lacones]
2257 3230 2446 3278 Castor
2463 3237 2520 3279 et
2537 3229 2664 3280 Pol·

1596 3300 1704 3364 lux,
1742 3316 1957 3366 quorum
2002 3302 2085 3352 hic
2122 3303 2270 3355 Jovis
2324 3303 2477 3367 filius,
2503 3306 2663 3371 *alter

1593 3378 1842 3441 Tyndari,
1865 3379 2014 3428 ambo
2040 3379 2221 3442 Ledae,
2263 3381 2413 3430 ambo
2436 3394 2467 3430 e
2492 3381 2662 3432 Laco-

1595 3458 1684 3506 nia
1707 3457 1927 3508 Graeciae
1952 3457 2163 3521 regione
2185 3450 2407 3507 oriundi.
2599 3491 2604 3496 -

1619 3570 1623 3575 -
1659 3539 1756 3585 208
1789 3535 1986 3599 Frater]
2043 3535 2108 3583 ln
2134 3541 2352 3599 utroque
2376 3534 2503 3584 satis
2538 3549 2662 3599 cog·

1594 3612 1825 3660 noscitur
1854 3625 1942 3659 eos
1980 3625 2093 3660 esse
2125 3608 2331 3673 fratres,
2373 3617 2429 3660 et
2468 3610 2663 3662 similes

1595 3686 1757 3734 sorori
1779 3686 2019 3735 Helenae.
2568 3694 2573 3700 '

1661 3763 1885 3827 chlamys
1904 3761 2075 3827 effluit]
2130 3762 2370 3826 chlamys
2407 3768 2660 3813 contexta

1595 3853 1739 3901 auro,
1760 3854 1854 3902 seu
1882 3838 1983 3887 filis
2001 3838 2190 3902 aureis,
2204 3836 2371 3889 effluit
2390 3854 2453 3889 ac
2474 3838 2662 3889 diffun-

1594 3916 1734 3965 ditur
1761 3917 1926 3965 ventis
1947 3915 2284 3979 agitantibus.

1659 3995 1757 4041 209
1790 3992 1985 4041 Stellati
2015 3993 2191 4056 crines]
2224 3992 2387 4055 Flavi,
2406 3993 2571 4057 aurei,
2587 3993 2664 4043 in-

1596 4075 1705 4117 star
1725 4068 2037 4118 stellarum.„
2076 4067 2280 4118 Alludit
2323 4069 2390 4117 ad
2428 4068 2659 4121 fabulam

1602 4143 2037 4209 Argonautarum,
2077 4146 2260 4210 quibus
2296 4146 2660 4211 navigantibus

1604 4221 1826 4285 singulae
1859 4222 2026 4271 stellae
2061 4222 2116 4271 in
2156 4222 2415 4286 capitibus
2432 4224 2661 4277 Castoris

1595 4303 1657 4350 et
1677 4296 1906 4351 Pollucis
1921 4295 2246 4353 effulserunt.
