2925 4928
905 398 988 448 m
1036 384 2420 456 cn.c1„Aun1ANuM.1'7

253 565 394 633 quos
433 545 626 611 animi
655 545 940 611 affectus
972 546 1107 610 veri
1137 547 1424 624 eliciunt,
1456 546 1544 611 ad
1572 566 1743 631 quos
1771 545 2086 631 loquendi
2113 548 2281 615 ratio
2308 570 2414 631 ea,

252 669 380 733 quae
420 649 663 731 optima
706 656 770 711 et
812 648 1206 712 fidelissima
1248 652 1484 714 mentis
1530 652 1841 735 interpres
1885 656 2006 730 est,
2060 660 2295 736 sponte
2343 675 2419 719 se

248 754 715 841 accommodare
764 753 977 819 solet..
1041 751 1345 817 Ceterum
1376 754 1692 818 laudandi
1723 755 2189 828 consuetudine
2217 757 2420 822 semel

229 853 503 932 inducta,
545 856 1035 937 certamineque
1073 854 1722 938 poetiS,‚praesertim
1764 856 2118 933 fameliciS,
2145 852 2418 940 injecto,

246 958 374 1020 cum
404 957 561 1021 alter
592 957 786 1020 alteri
812 958 878 1020 in
902 956 1233 1040 captanda
1256 957 1734 1042 Imperatorum
1762 966 1840 1022 et
1854 979 2195 1043 procerum
2217 960 2418 1025 bene-

242 1060 497 1123 volentia
528 1059 759 1123 cedere
785 1059 1011 1134 nollet,
1042 1058 1312 1134 accidit,
1326 1065 1416 1120 'ut
1441 1062 1509 1121 in
1537 1063 1737 1123 rebus
1770 1064 1934 1125 citra
1961 1083 2220 1126 omnem
2248 1066 2422 1129 veri-

240 1163 374 1226 tatis
401 1162 867 1231 verecundiam
910 1160 1230 1243 augendis
1278 1165 1346 1223 et
1396 1161 1889 1244 amplificandis
1932 1166 2421 1246 probabilitatis

237 1263 479 1326 modum
539 1282 819 1346 prorsus
878 1262 1293 1327 excederent.
1409 1261 1583 1341 Quae
1637 1283 1792 1327 cum
1846 1260 2146 1345 legimus,
2197 1268 2422 1335 mirari

236 1365 387 1442 licet,
426 1371 679 1457 quanto
728 1352 987 1457 stolidae
1032 1366 1420 1447 arrogantiae
1470 1367 1646 1431 callo
1696 1367 1874 1430 frons
1916 1368 2178 1434 illorum
2226 1351 2426 1437 fuerit

236 1454 521 1545 obducta,
561 1487 842 1552 quorum
889 1486 1081 1532 aures
1128 1467 1508 1554 hujusmodi
1552 1469 2049 1533 recitationibus
2098 1477 2418 1553 paterent.

233 1567 348 1633 Sed
394 1572 611 1636 omnis
655 1573 1104 1653 exaggeratio,
1154 1591 1309 1654 quae
1361 1572 1648 1654 primum
1694 1573 1950 1649 animos
1975 1575 2227 1657 pungit,
2261 1593 2420 1638 con-

229 1674 554 1745 suetudine
618 1675 753 1737 vim
808 1695 1023 1739 suam
1053 1676 1372 1753 amittere,
1427 1680 1621 1760 atque
1668 1676 1738 1738 in
1788 1677 2054 1740 inanem
2099 1676 2420 1775 loquendi

228 1775 553 1841 formulam
599 1778 772 1843 solet
801 1778 1008 1854 abire,
1039 1779 1139 1843 ita
1164 1784 1238 1842 ut
1267 1780 1530 1862 semp'er
1580 1778 1760 1842 nova
1801 1778 2210 1862 impudentia
2249 1797 2422 1867 opus

228 1866 316 1961 sit,
345 1870 427 1944 ad
456 1887 749 1949 veterem
776 1882 1127 1950 audaciam
1171 1881 1633 1982 superandam.
1722 1878 1971 1964 Atque,
2020 1882 2078 1945 si
2124 1882 2328 1951 semel
2377 1901 2421 1949 a

226 1989 451 2059 naturae
483 1987 767 2049 veritate
798 1986 867 2049 in
893 1985 1223 2050 laudando
1253 1973 1625 2048 discessum
1671 1990 1797 2062 est,
1839 2003 1971 2047 non
2015 1990 2235 2070 potest
2261 2004 2418 2053 con-

227 2071 352 2150 sisti
381 2089 515 2152 nisi
547 2109 657 2166 eo,
687 2088 807 2151 ubi
849 2090 1195 2154 verborum
1223 2094 1288 2152 et
1314 2107 1530 2152 rerum
1560 2087 2013 2171 discrepantia
2040 2107 2123 2155 ea
2151 2089 2421 2154 demum

224 2188 380 2254 facta
409 2199 546 2270 est,
580 2198 656 2279 ut
683 2192 789 2257 vel
817 2190 1037 2272 fungis
1083 2197 1150 2254 et
1197 2190 1537 2274 stipitibus
1582 2191 1791 2254 risum
1840 2192 2159 2256 excutiat.
2249 2191 2419 2255 Inde

224 2314 475 2381 quoque
491 2296 793 2364 narratio
823 2301 1134 2360 nascatur
1160 2312 1437 2361 necesse
1469 2301 1591 2374 est,
1622 2315 1757 2359 non
1787 2315 1940 2380 quae
1970 2294 2417 2378 simplicitate,

218 2401 637 2486 proprietate,
669 2405 735 2462 et
759 2405 1107 2488 venustate
1135 2401 1380 2467 sensim
1424 2401 1496 2464 in
1526 2400 1782 2464 animos
1812 2420 1885 2464 se
1930 2399 2243 2482 insinuat,
2275 2416 2421 2470 eos·

218 2516 341 2592 que
375 2504 572 2572 molli
613 2504 880 2585 quidem
920 2502 1057 2568 sed
1082 2509 1304 2570 tamen
1353 2503 1606 2568 efficaci
1656 2504 1962 2591 imperio,
2002 2523 2423 2588 quocumque

220 2605 378 2682 velit,
406 2587 668 2685 flectit3
698 2627 948 2672 verum
997 2628 1149 2690 quae
1197 2607 1376 2672 inani
1417 2609 1767 2674 verborum
1798 2627 2047 2724 pompa
2076 2608 2432 2671 sententia-1

217 2725 471 2791 rumque
502 2710 793 2792 strepitu
822 2729 1018 2774 aures
1047 2715 1298 2776 tantum
1327 2711 1559 2795 implet
1585 2732 1703 2775 seu
1734 2710 1961 2794 potius
1989 2694 2317 2786 obtundit,
2352 2713 2421 2774 et

217 2807 515 2904 doctrinae
549 2812 980 2879 multiformis
1018 2816 1458 2894 ostentatione
1506 2820 1874 2898 ornatuque
1917 2813 2211 2898 undique
2262 2832 2424 2900 con-

217 2914 443 2996 quisito
487 2922 772 2980 onerata
808 2917 993 3000 riget.
1082 2916 1180 2982 Ut
1227 2920 1489 2984 actione
1539 2919 1764 3002 aliqua
1807 2917 2083 2984 inducta
2129 2890 2421 2980 colorem

218 3017 462 3100 epicum
510 3020 817 3084 carmina
861 3020 1144 3098 trahant,
1189 3020 1276 3083 ad
1319 3018 1681 3097 fastidium,
1737 3018 1915 3103 quod
1959 3019 2028 3086 in
2075 3001 2438 3101 perpetuis-

185 3205 189 3209 ,
219 3109 803 3187 declamationibus
843 3127 908 3186 et
936 3122 1493 3207 descriptionibus
1523 3123 1856 3190 auditores
1902 3140 2146 3205 capere
2176 3120 2418 3205 possit,

213 3221 598 3303 leniendum,
631 3224 1044 3290 Claudianus
1090 3228 1344 3290 ratione
1389 3226 1591 3291 utitur
1635 3245 1772 3292 non
1802 3243 2057 3307 semper
2082 3222 2288 3300 felici,
2321 3223 2421 3285 in-

216 3326 453 3393 terdum
492 3330 750 3413 jejuna,
802 3329 871 3392 in
912 3348 1049 3412 qua
1095 3349 1354 3411 magnae
1384 3328 1686 3413 inprimis
1718 3328 1958 3395 Romae
1992 3326 2159 3390 Deae
2190 3331 2420 3409 partes
2506 3361 2511 3364 ·

214 3437 367 3508 sunt,
395 3432 740 3496 interdum
767 3433 990 3517 plures
1030 3425 1240 3500 terrae
1262 3434 1330 3496 in
1368 3451 1687 3517 personas
1716 3435 1989 3495 mutatae
2021 3435 2087 3492 et
2107 3427 2306 3498 fluvii
2346 3428 2424 3502 in,

214 3549 466 3597 scenam
494 3534 846 3617 prodeunt,
875 3554 1007 3599 non
1030 3540 1106 3598 ut
1134 3542 1357 3617 agant,
1382 3534 1509 3599 sed
1556 3541 1628 3599 ut
1656 3524 2013 3609 orationeS,
2045 3531 2112 3592 in
2145 3529 2444 3613 quibus„

214 3637 525 3719 quicquid
551 3631 904 3719 figurarum
935 3643 998 3700 et
1037 3638 1460 3703 flosculorum
1488 3636 1737 3700 scholae
1765 3633 2106 3704 rhetoricae
2148 3629 2423 3713 collige-.

214 3736 345 3816 rint,
394 3746 817 3808 consumtum
861 3758 1011 3803 esse
1054 3740 1334 3817 videtur,
1381 3759 1533 3806 cum
1574 3737 1737 3802 artis
1769 3735 2225 3804 ostentatione
2273 3739 2418 3797 tan-2

218 3825 400 3930 quam
444 3844 517 3905 in
564 3842 893 3906 auditorio
941 3841 1164 3923 aliquo
1209 3842 1536 3912 recitent„
1591 3838 1675 3919 In
1714 3844 1897 3903 tanta
1944 3856 2130 3919 saepe
2171 3854 2442 3912 rerum„

219 3960 354 4028 quae
387 3965 549 4009 vera
579 3944 779 4007 laude
808 3944 1020 4027 dignae
1042 3949 1286 4021 essent,
1308 3942 1563 4026 inopia,
1593 3948 1695 4006 est
1723 3961 1907 4019 sane,
1930 3939 2113 4023 quod
2135 3938 2419 4018 mireriS,

218 4064 334 4128 qua
358 4050 620 4111 ratione
650 4046 850 4130 poeta
878 4047 1108 4129 parvis
1137 4054 1203 4112 et
1244 4046 1565 4128 interdum
1606 4044 1908 4127 futilibus
1957 4037 2302 4106 verborum
2347 4043 2446 4112 et,

215 4152 667 4234 sententiarum
698 4169 948 4232 pompa
993 4149 1651 4232 dignitatisspeciem
1687 4144 2077 4220 conciliarit,
2119 4148 2189 4208 et
2231 4161 2416 4228 quae-2·

216 4246 379 4327 (lam,
423 4271 564 4314 non
610 4251 966 4316 admodum
998 4250 1396 4328 honorifica,
1438 4249 1795 4323 virtutis-et
1821 4246 2162 4341 sapientiae
2193 4243 2416 4327 splen-2

328 4367 519 4435 υοιριι.
537 4373 583 4418 et
611 4364 731 4419 var.
758 4369 886 4422 cm.
1245 4367 1414 4436 claua.
1611 4434 1617 4440 ,
1657 4352 1664 4358 ’
2019 4367 2038 4382 ‘
2233 4360 2284 4423 R
