2925 4928
969 377 1069 428 Im
1092 391 1097 395 ·
1117 376 1219 426 lv.
1266 373 1477 427 cons.
1515 377 1678 426 'HON
1691 379 1813 428 oR.

302 521 577 607 Accipit
602 524 719 589 ille
745 543 988 610 preces
1019 524 1268 602 variae,
1300 523 1623 608 tardeque
1652 526 1925 606 rogatus

301 625 600 709 Annuit3
633 635 699 694 et
725 636 968 711 magno
998 635 1243 711 p'acem
1271 647 1394 711 pro
1424 647 1702 692 munere
1735 627 1963 694 donat.

300 728 679 796 Nobilitant
707 739 974 798 veteres
1005 730 1410 796 Germanica
1441 730 1701 795 foedera
1730 730 2024 807 DruSOS‚

302 831 524 897 Marte
557 835 680 899 sed
710 835 1013 918 ancipiti,
1046 834 1166 899 sed
1194 834 1422 898 multis
1452 833 1764 898 cladibus
1792 838 2002 901 emta..

302 932 478 1013 Quis
508 937 762 1001 victum
791 938 1094 1003 meminit
1123 937 1275 1002 sola
1303 936 1657 1002 formidine
1689 936 1997 1002 Rhenum
2016 937 2047 999 ‘l

290 1037 507 1118 *Quod
534 1040 754 1123 longis
786 1042 904 1105 alii
935 1041 1128 1106 bellis
1158 1045 1442 1124 potuere
1474 1040 1728 1116 mereri,

298 1141 456 1205 Hoc
486 1144 615 1206 tibi
644 1143 762 1209 dat
787 1144 1182 1230 Stilichonis
1211 1144 1359 1209 iter.
1428 1121 1621 1214 fos‘t
1650 1142 1790 1208 otia
1820 1138 2008 1222 Galli

254 1332 257 1335 Α
297 1242 590 1322 Limitis,
620 1246 909 1310 hortaris
940 1245 1188 1311 Graias
1217 1245 1455 1310 fulcire
1486 1245 1749 1309 ruinas:
2289 1301 2296 1307 .
2371 1245 2503 1326 460

273 1406 277 1411 ’
297 1427 465 1490 recipit
484 1429 852 1491 supplicationes
870 1430 1096 1492 diversas,
1117 1434 1164 1479 et
1186 1433 1412 1478 exoratus
1446 1444 1549 1477 sero
1569 1429 1781 1478 concedit
1804 1429 1987 1492 petita,
2009 1430 2180 1491 datque
2196 1441 2355 1491 pacem
2377 1401 2507 1476 betur

295 1494 466 1541 donum
486 1494 674 1553 ingens.
744 1495 855 1542 Pax
891 1495 1176 1544 Germanica
1196 1494 1398 1543 celebrat
1433 1495 1619 1543 Drusos
1638 1495 1871 1556 antiquos,
1891 1497 1970 1542 sed
1993 1494 2191 1557 quoesita
2213 1493 2328 1541 bello
2346 1492 2506 1552 dubio,

296 1560 342 1605 et
382 1558 627 1620 stragibus
661 1557 840 1609 multis.
899 1560 1018 1615 Quis
1062 1574 1183 1609 vero
1223 1561 1497 1608 recordatur
1525 1559 1741 1607 Rhenum
1774 1560 2013 1608 subactum
2036 1573 2145 1607 esse
2168 1559 2334 1607 timore
2364 1560 2459 1605 solo
2478 1556 2505 1608 2

296 1622 539 1681 Profectio
556 1623 833 1673 Stilichonis
851 1626 933 1672 dot
955 1624 1065 1686 tibi,
1088 1639 1117 1673 o
1150 1624 1374 1686 Honori,
1408 1625 1529 1688 quod
1564 1624 1741 1673 Duces
1764 1626 1908 1673 ceteri
1930 1626 2174 1672 voluerunt
2190 1638 2361 1685 parare
2379 1637 2504 1685 prae-

295 1686 374 1760 liis
408 1688 581 1749 longis.
649 1690 769 1737 Post
805 1704 970 1753 pacem
1013 1689 1270 1739 redditam
1312 1691 1365 1739 in
1394 1688 1579 1754 finibus
1626 1689 1818 1752 Galliae,
1863 1689 2132 1738 exhortaris
2167 1688 2502 1738 Stilichonem

1225 1799 1581 1820 OOOOOOOOOOOO

297 1863 437 1922 Pric.
461 1867 610 1916 Rott.
637 1866 800 1918 Oisel.
849 1869 1036 1919 Cimber
1058 1872 1187 1934 Reg.
1213 1884 1277 1919 m.
1299 1886 1378 1933 pr.
1397 1870 1569 1920 Oxou.
1585 1886 1662 1934 pr.
1685 1872 1812 1921 Exc.
1831 1871 2052 1918 LucenS.
2071 1882 2176 1917 sec.
2213 1865 2358 1926 Alfen
2378 1866 2503 1924 Vat.

298 1945 374 1993 pr.
398 1932 552 1981 Farn.
598 1933 710 1988 Albi
741 1935 864 1983 Vat.
907 1943 1041 1985 tert.
1072 1936 1219 1985 Albin
1239 1942 1357 1989 octo
1383 1936 1487 1997 alii,
1525 1936 1652 1985 item
1688 1938 1810 1986 Var.
1837 1936 1939 1984 LL.
1964 1948 2169 1994 emarg.
2194 1933 2374 1990 Parm.
2414 1932 2505 1998 Ce-

296 1996 423 2056 reclei
468 1997 710 2061 Vat.⁴pr.
751 1999 906 2048 Farn.
949 2001 1159 2049 Cheruhi
1183 2000 1326 2050 Prie.
1375 2002 1609 2050 Clierunti
1649 2002 1799 2051 ltott.
1839 2002 2069 2049 Florem.
2120 1998 2351 2047 Cher-uehi
2387 1996 2504 2044 Pal.

300 2067 404 2119 tres
447 2062 603 2111 Vatt.
637 2063 856 2113 totidem
895 2065 1042 2115 Med.
1066 2066 1260 2114 Moret.
1289 2080 1366 2129 pr.
1403 2067 1606 2121 Cheruci
1637 2066 1720 2116 ed.
1743 2067 1918 2115 Parm.
1963 2063 2164 2113 Cerne-hi
2187 2063 2370 2111 decem
2395 2062 2503 2120 alii,

294 2126 421 2188 Exc.
447 2126 670 2186 LucenS.
694 2143 772 2191 pr.
795 2128 878 2179 ed.
902 2132 1080 2180 Vicet.
1128 2130 1350 2180 Cheiunti
1370 2131 1495 2180 Vat.
1517 2138 1642 2181 tert.
1682 2131 1906 2180 Cherusci
1927 2131 2057 2179 Exc.
2081 2129 2235 2186 Laeti.
2280 2125 2508 2176 Ceruschi

299 2191 378 2250 vel
404 2192 644 2241 Cheruchi
663 2200 768 2242 tres
785 2193 967 2244 Ambr.
989 2196 1354 2253 Tholas.÷453
1376 2198 1597 2260 tardeque
1615 2198 1741 2246 Exc.
1768 2196 1921 2247 Laeti.
1945 2197 2170 2257 tardeque
2193 2193 2276 2240 vel
2293 2194 2502 2240 tondem-

297 2270 381 2332 ρας
423 2257 559 2319 Reg.
604 2257 746 2306 Leid.
788 2265 1034 2322 pua—‚456
1063 2260 1148 2309 sub
1171 2262 1370 2324 ancipiti
1389 2260 1579 2310 Sched.
1617 2261 1755 2310 Gud.
1794 2263 1873 2310 sed
1894 2256 2504 2321 ancipitiquatnordecim

300 2320 401 2383 alii,
422 2322 556 2370 Exc.
583 2324 803 2380 LucenS.
829 2340 906 2387 pr.
941 2325 1032 2388 ed,⁴
1065 2325 1240 2375 Parm.
1281 2334 1336 2375 et
1375 2326 1549 2375 Vicet.
1585 2326 1671 2374 sub
1712 2327 1792 2374 vel
1825 2328 1908 2374 secl
1937 2323 2139 2387 ancipiti
2162 2324 2294 2386 Reg.
2319 2321 2505 2372 Ambr.

298 2400 397 2435 sec.
442 2387 608 2435 multis
635 2390 718 2436 sed
757 2390 971 2446 cladibus
1005 2391 1198 2444 Moret.
1231 2406 1312 2454 pr.
1372 2392 1554 2440 casibus
1585 2391 1733 2440 Med.
1769 2397 1938 2454 quart.
1976 2390 2157 2439 casibus
2192 2389 2272 2436 vel
2293 2386 2502 2435 cladibus

298 2450 591 2514 neg—45⁷
630 2453 762 2509 Quid
785 2455 928 2506 Leid.
952 2471 1032 2520 pr.
1078 2456 1287 2506 vinctum
1321 2457 1547 2506 Florent.
1572 2457 1715 2505 Med.
1738 2462 1905 2520 quart.
1964 2455 2169 2504 Rlzetum
2193 2455 2322 2502 Exc.
2349 2451 2503 2502 Laeti.

298 2516 538 2592 Rhetnum
577 2520 724 2567 Rott.
780 2536 978 2582 regnum
1000 2522 1189 2571 Petav.
1213 2526 1494 2571 tem—458
1527 2523 1653 2578 Quot
1687 2524 1809 2570 Vat.
1835 2522 2163 2585 quinte-459
2200 2519 2308 2567 Hoc
2330 2531 2504 2580 quoque

297 2596 394 2632 mc.
428 2583 613 2633 Heius.
646 2585 778 2640 *Quoe
817 2593 872 2634 et
907 2586 1030 2635 Hoec
1072 2586 1164 2635 tibi
1198 2586 1320 2636 Put.
1378 2586 1624 2636 stiliconis
1660 2587 1783 2635 Vat.
1824 2602 1900 2649 pr.
1946 2585 2103 2633 Gallis
2126 2585 2223 2632 duo
2249 2584 2503 2631 Petam-—

298 2648 390 2717 5160
424 2648 612 2701 Militis
634 2662 796 2714 marg.
816 2650 1006 2715 Isingr.
1038 2651 1213 2701 sarcire
1236 2652 1397 2700 ruinas
1422 2648 1565 2702 Rot't.
1588 2652 1943 2701 Mazar.--461
1976 2649 2161 2711 regitur
2181 2649 2296 2717 telis
2313 2646 2501 2699 Petav-

1290 2781 1510 2833 NOTAE

302 2938 309 2945 .
358 2891 612 2956 Cherusci]
645 2894 941 2946 Germaniae
975 2897 1155 2960 populi
1173 2897 1358 2948 Trans·
1437 2911 1504 2960 pe
1524 2910 1716 2958 anceps
1741 2901 1820 2944 est
1836 2909 1898 2943 ac
1920 2892 2107 2943 dubius
2137 2897 2370 2942 eventus.

297 2965 525 3018 rhenani.
1502 2977 1597 3022 457
1633 2972 1873 3035 Rhenum]
1917 2971 2145 3034 Populos
2159 2970 2395 3017 Rhenum
2416 2982 2503 3018 ac-

355 3048 451 3093 453
482 3045 658 3110 Tarde]
680 3048 971 3113 Majestatis
980 3052 1225 3101 Romanae
1244 3066 1356 3101 esse

296 3127 483 3185 putant
521 3139 622 3173 non
647 3133 869 3189 promte,
911 3128 1005 3178 sed
1046 3127 1196 3178 tarde
1235 3143 1356 3178 con·

294 3197 483 3259 cedere
507 3200 709 3263 petita3
758 3201 811 3250 id
855 3203 991 3267 quod
1036 3209 1094 3253 et
1138 3202 1263 3253 Itali
1301 3209 1357 3253 et

292 3273 518 3337 Hispani
535 3276 773 3326 hodierni
797 3279 1095 3330 observant.

298 3406 304 3411 ⁶
352 3353 448 3399 455
485 3351 784 3417 Nobilitont]
817 3355 1098 3405 Germania
1118 3361 1304 3419 pacata
1327 3372 1358 3406 a

291 3425 490 3490 Drusis,
533 3427 674 3492 ipsos
718 3430 1003 3499 nobiliores
1042 3447 1103 3482 ac
1143 3433 1356 3482 celebri-

291 3516 400 3553 ores
445 3504 606 3554 facit:
655 3506 746 3555 sed
790 3515 964 3557 tamen
986 3508 1041 3556 id
1065 3508 1357 3572 perfectum

290 3594 388 3649 non
429 3586 516 3630 est
549 3582 649 3630 nisi
693 3583 824 3633 bello
870 3590 926 3635 et
968 3587 1136 3635 multa
1166 3594 1358 3650 strage.

289 3659 448 3709 Secus
473 3659 542 3708 de
572 3659 878 3724 Stilichone,
898 3653 988 3727 qni
1009 3664 1119 3712 solo
1141 3663 1358 3713 nominis

289 3737 364 3785 sui
408 3743 636 3802 terrore,
674 3736 784 3786 sine
837 3729 997 3798 bello,
1042 3739 1154 3787 sine
1192 3737 1357 3802 caede,

290 3813 627 3876 Germaniam
656 3813 874 3864 sedarit.
938 3814 1025 3865 Sic
1045 3814 1229 3878 priscis
1253 3815 1360 3864 He·

287 3891 460 3962 roibus
476 3888 764 3954 praefertur
784 3891 1017 3942 Stilicho.
1204 3944 1207 3949 ⁴

349 3970 559 4033 Drusos]
605 3972 812 4020 Drusus
858 3977 1011 4034 pater
1052 3976 1109 4020 et
1156 3971 1356 4021 Drusus

288 4044 439 4109 filius,
480 4048 571 4112 qui
618 4048 684 4096 ob
728 4061 811 4096 res
854 4048 1132 4110 praeclaras
1171 4054 1359 4097 contra

289 4123 616 4194 Germanos„
645 4123 958 4173 Germanicus
993 4129 1075 4173 est
1098 4122 1358 4187 cognomi-

290 4208 451 4329 1,ηὲἒὲ
480 4278 650 4330 Marte
664 4254 890 4343 ancipiti]
906 4276 1078 4341 Bello,
1098 4276 1181 4342 cuj
1190 4291 1247 4326 us
1261 4254 1354 4326 sae‘·

1437 3052 1671 3099 colentes
1709 3050 1818 3099 solo
1839 3048 2139 3098 Stilichonis
2177 3047 2358 3096 timore
2383 3045 2501 3096 sub·

1437 3134 1597 3177 act08.
1677 3127 1874 3176 Mirum
1937 3130 2085 3175 certe
2137 3124 2214 3172 ita
2263 3124 2502 3172 Rhenum

1438 3219 1552 3254 esse
1597 3204 1878 3253 domitum:
1925 3201 2018 3252 sed
2066 3216 2181 3265 quae
2224 3199 2502 3264 posteritas

1433 3294 1534 3329 non
1560 3279 1828 3329 mirabitur
1862 3278 2082 3329 eundem
2129 3278 2384 3338 Rhenum,
2418 3291 2501 3325 re·

1436 3359 1667 3408 luctante
1705 3358 1923 3407 hostium
1948 3355 2203 3416 exercitu,
2224 3368 2257 3402 a
2276 3353 2502 3419 Ludovia

1437 3450 1500 3484 co
1516 3436 1711 3499 Magno
1729 3434 1892 3483 tribus
1906 3433 2047 3482 horis
2062 3447 2177 3481 esse
2193 3431 2501 3494 trajectum?

1500 3516 1599 3562 459
1634 3510 1761 3573 Iter]
1816 3511 1936 3559 Sola
1978 3508 2273 3557 Stilichonis
2315 3506 2399 3555 via
2444 3512 2502 3556 et

1427 3579 1677 3637 'celeritas
1692 3587 1901 3651 placans
1918 3583 2267 3645 Germaniam,
2282 3582 2376 3630 tibi
2390 3582 2501 3641 dat,

1437 3679 1469 3714 o
1504 3663 1724 3725 Honori,
1768 3661 1902 3726 quod
1938 3660 2025 3709 alii
2060 3658 2236 3709 facere
2261 3673 2361 3707 non
2385 3673 2502 3722 pos-

1438 3746 1558 3791 sent
1578 3741 1744 3803 longis
1767 3739 1928 3788 benis.
2469 3782 2472 3783 γ

1506 3819 1624 3865 Post
1643 3815 1765 3878 otia]
1799 3816 1930 3864 Post
1956 3813 2210 3864 redditam
2228 3813 2391 3863 Gallis
2410 3828 2502 3876 pa-

1436 3908 1570 3957 cem,
1593 3893 1769 3942 deleto
1786 3892 2080 3955 invAlpibus
2105 3891 2292 3940 Galliae
2314 3889 2501 3938 finibus

1437 3970 1672 4034 Eugenio
1707 3971 1968 4034 Tyranno,
2005 3966 2227 4016 hortaris
2259 3966 2503 4024 Stilicho-

1438 4062 1574 4111 nem,
1618 4054 1677 4097 ut
1720 4047 1970 4096 resarciat
2017 4045 2201 4094 damna
2254 4043 2500 4106 Graeciae,

1438 4128 1558 4187 quae'
1591 4123 1656 4172 ab
1694 4121 1907 4172 Alarico
1928 4120 2280 4169 vandalorum
2301 4128 2355 4169 et
2376 4118 2500 4168 Ala-

1440 4215 1621 4249 norum
1645 4200 1789 4264 Rege
1813 4205 2017 4261 vastata
2038 4195 2222 4247 fuerat.

1507 4280 1605 4327 460
1640 4275 1891 4343 Hortaris]
1943 4271 2182 4324 Hortaris
2211 4276 2429 4336 tantum,
2464 4285 2498 4341 o
