2925 4928
818 428 909 475 1N
961 428 1174 476 PRoB.
1225 426 1315 474 ΒΤ
1363 425 1590 475 oLYB.
1638 424 1853 474 CONS.

238 574 408 638 Ecce
435 574 573 638 mei
603 574 827 638 cives:
856 590 1144 656 quorum
1164 570 1310 655 jam
1341 571 1634 654 Signifer
1661 578 1860 656 optat

236 675 644 753 Adventum,
708 675 1053 756 stellisque
1093 681 1302 757 parat
1357 678 1668 739 cou'vexa
1710 672 1975 739 futuris.

229 779 269 844 J
272 799 379 844 am
433 799 560 862 per
600 779 1011 860 noctivagos
1064 778 1439 843 dominetur
1480 776 1800 862 Olybrius
1848 796 2016 841 axes

229 883 359 946 Pro
390 880 675 946 Polluce
705 881 975 957 rubens,
1004 900 1128 964 pro
1174 878 1454 943 Castore
1491 880 1761 943 flamma
1782 877 2080 943 Probini.

230 985 375 1067 Ipsi
418 984 578 1047 vela
621 989 894 1064 regent:
938 982 1112 1065 ipsis
1144 982 1560 1047 donantibus
1589 1000 1788 1046 auras

229 1088 487 1153 Navita
516 1089 884 1174 tranquillo
915 1088 1377 1153 moderabitur
1407 1106 1679 1170 aequore
1709 1078 1965 1170 pinum.

229 1191 425 1258 Nunc
475 1199 751 1277 pateras
804 1194 1015 1258 libare
1065 1192 1256 1270 Deis,
1304 1210 1479 1255 nunc
1528 1190 1789 1254 solvere
1831 1190 2047 1254 multo

227 1292 294 1359 N
295 1300 521 1359 ectare
561 1294 769 1360 corda
816 1295 1029 1360 libet:
1075 1294 1314 1358 niveos
1357 1292 1504 1377 jam
1551 1292 1827 1376 pandite
1886 1297 2107 1357 coetus

229 1396 522 1475 NaideS,
555 1404 627 1462 et
654 1402 865 1461 totum
886 1397 1086 1464 violis
1112 1396 1472 1481 praetexite
1500 1380 1786 1460 fontein.

226 1596 435 1647 Ledeia.-
469 1596 857 1656 enricum,-

895 1612 1090 1661 qiumtm
1125 1595 1649 1658 domjan-ocupa
1670 1593 1928 1657 zodiacus,
1941 1600 1990 1644 et
2009 1600 2249 1659 prepara
2269 1597 2436 1647 eoeluns

224 1661 487 1722 iisfuturis
501 1662 747 1711 sideribus.
819 1664 958 1712 Nunc
983 1663 1206 1727 Olybrius
1225 1667 1459 1724 regnetp
1461 1675 1515 1710 er
1543 1663 1707 1710 coelum
1730 1666 1872 1710 noctu
1891 1663 2116 1723 vomam,

2133 1676 2221 1724 pro
2249 1662 2438 1712 Polluce

214 1726 427 1789 fulgens,
448 1731 499 1776 et
522 1727 654 1789 ignis
676 1727 878 1777 Probini
894 1743 982 1792 pro
999 1731 1213 1778 Castore.
1278 1727 1363 1776 Iui
1386 1725 1576 1776 fratres
1603 1725 1931 1787 gubernabunt
1949 1740 2120 1774 neves:
2153 1725 2252 1774 iuis
2279 1728 2439 1776 danti·

226 1792 306 1841 bus
325 1796 511 1853 ventos,
531 1797 678 1841 nauta
697 1797 830 1856 reget
850 1808 1016 1843 navem
1036 1793 1161 1842 mari
1178 1793 1381 1855 placido.

1271 1857 1504 1921 explicate
1543 1871 1664 1905 nunc
1711 1856 1871 1904 choros
1902 1856 2141 1916 candidos,
2171 1861 2221 1903 et
2249 1856 2432 1918 cing-ite

226 1857 424 1906 liberm
445 1856 629 1906 anim
644 1858 749 1906 vine
770 1859 981 1921 copioso:
1013 1873 1044 1907 ο
1067 1859 1249 1907 Naides

1446 1792 1565 1840 Jam
1593 1792 1736 1851 juvat
1772 1791 2039 1855 sacrificare
2057 1790 2171 1840 vina
2192 1791 2436 1854 Deinde-

218 1921 402 1982 sontem
422 1921 809 1985 totnmfloribus.
856 1922 1013 1987 Sylva
1027 1925 1286 1987 producant
1313 1921 1484 1972 mella.-
1502 1921 1685 1986 fluvius
1714 1936 1838 1970 ιιιιιιο
1868 1926 2032 1972 emat
2060 1918 2255 1974 faciens
2286 1920 2438 1972 ebrios

1158 2066 1194 2086 e.
1196 2060 1514 2084 §oeueeeeee

227 2148 420 2200 Μαι-εἰ.
463 2136 604 2214 quod
644 2147 867 2213 probare
902 2148 1041 2200 visus
1079 2149 1346 2209 Heinsius,
1367 2149 1457 2213 qui
1481 2148 1534 2198 in
1555 2164 1631 2200 vs.
1654 2163 1764 2214 seq.
1799 2148 2014 2213 legebat
2034 2149 2272 2211 Adventu,
2288 2153 2437 2199 utsc

227 2215 306 2277 Sig
309 2213 454 2264 nifer
474 2229 651 2263 eorum
675 2214 902 2265 adventu
940 2230 1172 2265 convexa
1208 2220 1389 2278 aptare
1411 2221 1467 2263 et
1503 2227 1687 2277 parare
1713 2213 1953 2264 videatur
1974 2214 2139 2264 stellis
2163 2213 2367 2264 futuris.
2368 2240 2437 2253 -·

228 2284 317 2330 243
357 2279 626 2329 Olimbrius
650 2280 844 2329 Moret.
861 2281 983 2330 Vat.
1000 2287 1110 2345 opt.
1128 2278 1272 2330 Leid.

231 2352 283 2395 et
301 2345 386 2395 ed.
405 2345 583 2394 vicet.
585 2349 746 2394 -245
778 2350 948 2408 regant
971 2345 1086 2396 Pal.
1110 2344 1255 2394 Med.

1331 2293 1375 2328 r.
1395 2278 1513 2329 Pal.
1536 2280 1687 2328 Faru.
1712 2279 1855 2330 Prie.
1873 2280 2058 2329 Petu.
2075 2294 2158 2344 pr.
2173 2279 2318 2330 Med.
2332 2279 2438 2329 duo

1320 2358 1403 2393 uo.
1457 2344 1740 2394 donantibus
1761 2344 1958 2394 Moret.
1982 2344 2168 2393 Petav.
2190 2360 2271 2408 pn·
2292 2343 2440 2394 Med.

232 2410 346 2473 (luo,
378 2409 508 2459 Ald.
549 2416 605 2459 et
627 2410 709 2460 ed.
733 2409 904 2461 Vicet.
929 2410 1063 2461 uude
1086 2409 1333 2460 Heinsius
1358 2408 1677 2473 conjiciebat
1706 2409 1726 2456 ι’
1756 2409 1911 2475 sisque
1930 2409 2241 2460 dommim.
2292 2409 2441 2458 domi·

226 2447 448 2526 nant’ibus
462 2477 602 2540 vulg.
603 2480 766 2526 -246
795 2476 937 2539 pinus
979 2492 1072 2541 pro
1104 2477 1269 2540 pinum
1305 2474 1448 2524 Med.
1489 2481 1662 2540 quart.

1746 2476 1812 2524 al.
1840 2483 1893 2526 et
1914 2474 2038 2524 Prie
2043 2480 2220 2524 .--247
2255 2475 2440 2540 patrias

230 2542 396 2592 Vicet.
451 2540 603 2590 libare
626 2541 752 2590 Deis
771 2543 900 2592 Exc.
925 2542 1074 2591 Laeti.
1127 2541 1272 2590 libate
1292 2540 1415 2590 Vat.
1458 2554 1537 2603 pr.
1592 2541 1697 2590 Deo
1716 2540 1857 2590 Pric.
1915 2541 2073 2589 Deum
2094 2540 2240 2590 Med.
2265 2545 2436 2605 quart.

231 2611 385 2657 -248
418 2607 556 2655 niveo
571 2611 692 2656 coetu
716 2607 835 2656 Vat.
860 2614 967 2670 opt.
991 2607 1106 2657 Pal.
1126 2607 1283 2655 Farn.
1302 2606 1387 2655 ed.
1407 2605 1585 2655 Vicet.
1641 2606 1777 2655 niveo
1797 2605 2128 2668 paug-itecoetu
2148 2604 2292 2655 Med.
2309 2604 2434 2666 duo,

231 2673 418 2721 etPal.
441 2686 566 2720 am.
588 2686 690 2721 sec.
735 2686 873 2735 pergi
816 2672 923 2734 gite
945 2673 1089 2722 Med.
1112 2678 1279 2736 quart.
1318 2685 1351 2719 a
1381 2685 1449 2719 m.
1484 2684 1591 2720 sec.
1638 2669 1892 2730 ιιὶυοοραιιι
1913 2670 2128 2733 plaudite
2148 2675 2269 2719 coetu
2290 2669 2435 2718 Prie.

230 2738 400 2787 dactus
418 2736 560 2799 conj.
580 2736 884 2786 Scine—249
917 2737 1133 2786 Naiades
1153 2737 1256 2786 duo
1293 2737 1415 2784 Vat.
1440 2735 1560 2784 Pal.
1583 2736 1738 2784 Faru.
1772 2734 1913 2784 Pric.
1937 2734 2065 2784 Cod.
2086 2735 2208 2786 Juu.
2234 2734 2319 2782 ed.
2342 2733 2435 2782 Vi·

233 2809 328 2854 eet.
381 2806 434 2850 et
477 2799 807 2851 desideratur
840 2802 895 2850 in
932 2802 1085 2851 duob.
1129 2801 1277 2851 Med.
1304 2799 1447 2850 Leid.
1469 2814 1549 2864 pr.
1571 2800 1760 2849 Petav.
1784 2815 1865 2863 pr.
1896 2807 1951 2850 et
1976 2798 2435 2851 Cod.Jun.m·011·s

233 2872 375 2918 tutum
397 2868 529 2974 Vat.
548 2868 715 2931 quint.
770 2872 920 2919 totam
944 2866 1162 2927 frontem
1204 2866 1325 2917 Pal.
1360 2865 1502 2915 Prie.
1554 2869 1708 2915 totum
1732 2864 1921 2926 fontem
1959 2866 2041 2915 vel
2061 2859 2434 2924 totoemsmntem

1220 3030 1442 3083 No'rAE

235 3175 343 3223 luce
366 3170 526 3223 Lede
546 3168 684 3233 filiis,
705 3170 793 3237 qui
811 3171 949 3222 inter
971 3178 1114 3222 astra
1138 3171 1295 3222 relati

235 3258 366 3313 sunt,
385 3249 737 3313 dicunturque
760 3249 968 3313 gemini,
1006 3248 1189 3315 quibus
1204 3249 1296 3298 Ti·

236 3326 333 3376 bris
366 3327 444 3375 ait
465 3325 774 3375 illustriores
795 3339 906 3376 esse
932 3324 1216 3375 Probinum
1238 3330 1297 3375 et

236 3403 511 3468 olybrium
533 3417 652 3451 suos
676 3403 837 3452 cives.

292 3485 384 3531 241
422 3477 670 3541 Signffler]
731 3477 987 3529 Zodiacus
1045 3478 1133 3545 qui
1188 3476 1296 3528 fert

235 3555 371 3621 signa
397 3555 673 3606 duodecim
698 3572 711 3605 ι
748 3557 764 3584 ‘
786 3556 918 3606 Sunt
951 3555 1125 3620 Aries,
1164 3558 1297 3606 Tau·

238 3647 334 3696 rus,
378 3632 612 3694 Gemini,
666 3633 883 3696 Cancer,
938 3634 1064 3696 Leo,
1121 3633 1297 3696 Virgo,

238 3707 508 3773 Libraque,
541 3709 810 3772 Scorpius,
843 3708 1176 3770 Arcitenens,
1199 3711 1296 3760 Ca·

240 3800 341 3851 per,
393 3784 685 3849 Amphora,-
738 3785 956 3836 Pisces.
1041 3786 1294 3837 Zodiaeus

239 3876 384 3926 porro
407 3862 622 3925 dicitur,
646 3860 740 3911 ἀπὸ
759 3864 854 3912 τῶν
872 3860 1019 3925 ζώων,
1040 3863 1099 3912 ab
1116 3864 1297 3913 anima

239 3940 366 4003 libus,
408 3939 532 4004 quia
569 3939 713 4000 signa
734 3938 923 4002 omnia,
964 3947 1188 4003 excepta
1211 3940 1297 3989 Li·

237 4016 339 4143 ζει,
378 4015 609 4080 speciem
644 4024 837 4080 gerunt
869 4016 1083 4110 alicujus
1107 4016 1298 4067 anima·

1374 3169 1491 3221 coeli
1525 3184 1747 3234 convexa,
1791 3169 1883 3220 sed
1926 3181 2155 3221 concava
2186 3167 2438 3231 videmus,

1375 3262 1554 3297 verum
1577 3248 1758 3298 Poetoe
1781 3262 1884 3297 non
1906 3261 2157 3310 concava,
2199 3247 2290 3296 sed
2318 3260 2440 3296 con·

1374 3339 1511 3375 vexa
1534 3325 1732 3376 dicunt.

1437 3406 1535 3452 243
1569 3403 1669 3452 Per
1709 3402 1978 3465 noctivagos
2013 3400 2149 3465 axes]
2200 3400 2305 3450 Per
2336 3414 2440 3450 coe-

1375 3479 1533 3529 lestes
1582 3478 1753 3542 orbes,
1794 3478 1878 3544 qui
1917 3478 2008 3528 diu
2038 3482 2292 3541 noctuque
2334 3478 2442 3525 vol·

1374 3563 1583 3606 vuntur.

1439 3638 1536 3684 24⁷
1560 3631 1772 3695 Solvere]
1788 3631 2058 3693 Liberare,
2074 3643 2311 3680 recreare
2332 3629 2437 3678 ani-

1376 3727 1514 3761 mum
1551 3727 1583 3760 a
1623 3709 1778 3770 curis,
1821 3708 1958 3758 unde
1993 3707 2226 3758 Bacchus
2250 3705 2442 3756 dicitur

1375 3791 1579 3855 Lyaeus,
1619 3786 1713 3838 ἀπὸ
1759 3788 1846 3837 τοῦ
1894 3784 2042 3849 λύειν,
2071 3787 2264 3849 solvere,
2299 3782 2437 3851 quod

1377 3869 1616 3916 exsolvat
1639 3865 1861 3915 animum
1891 3863 2050 3914 curis.

1440 3947 1540 3993 248
1573 3941 1773 4003 Nineve]
1796 3939 2079 4002 Candidos,
2102 3939 2247 4004 quasi
2268 3939 2335 3989 ob
2357 3952 2440 3987 re-

1378 4020 1618 4069 stitutam
1660 4018 1997 4067 libertatem·
1981 4052 1998 4076 ,
2050 4017 2174 4080 quin
2217 4021 2274 4065 et
2327 4016 2438 4065 dies

1375 4095 1537 4147 festos
1573 4097 1824 4160 laetosque
1861 4093 2076 4144 Romani
2098 4092 2338 4142 colebant
2361 4099 2438 4140 to-

296 4172 390 4219 242
424 4164 673 4227 Convexa]
701 4165 767 4214 Id
790 4171 891 4228 est,
914 4165 1110 4215 Coelum
1134 4171 1300 4229 parat,
1380 4173 1457 4237 gis
1476 4170 1728 4221 candidis.

242 4250 295 4298 ut
321 4244 485 4294 choris
514 4241 797 4293 Astrorum
834 4241 1091 4292 Probinus
1124 4247 1182 4292 et
1229 4242 1302 4292 0-

1442 4253 1542 4299 249
1590 4244 1794 4307 Naides]
1862 4245 2116 4309 Nymphae
2171 4258 2437 4310 aquarum,

242 4319 425 4385 lybrius
471 4319 821 4371 ascribantur.
896 4318 1141 4370 Ceterum
1197 4332 1301 4368 non
1379 4325 1475 4379 &rb
1493 4344 1579 4377 w„
1554 4323 1939 4390 ‘mmuffifluere
