2925 4928
452 373 585 445 108
1170 388 1284 437 οι..
1304 412 1307 415 2
1331 385 1762 436 anumAm
1810 383 1929 434 ιιι.

454 535 830 602 Arboribus
853 535 1061 611 succi,
1094 533 1635 614 funestarumque
1658 534 1959 614 potestas

453 639 856 716 Herbarum,
889 636 1202 721 quicquid
1228 634 1411 698 letali
1442 633 1726 716 germine
1754 632 2014 715 pollens

454 739 822 816 CaucasuS‚
856 746 922 803 et
952 728 1281 824 Scyfiiicae
1313 741 1587 811 vernant
1612 737 1679 799 in
1711 737 2009 818 gramina
2038 754 2258 818 rupeS,

457 842 649 921 Quas
678 844 836 924 legit
869 843 1112 906 Medea
1141 843 1351 919 ferox,
1384 848 1453 903 et
1483 840 1727 904 callida
1757 837 1975 902 Circe.

456 945 723 1026 Saepius
751 946 1101 1009 horrendos
1134 944 1376 1008 Manes
1405 944 1748 1025 sacrisque
1775 943 1982 1006 citavi

454 1047 819 1113 Nocturnis
853 1049 1179 1125 Hecaten,
1208 1054 1276 1114 et
1306 1048 1574 1112 condita
1601 1048 1832 1111 funera
1858 1047 2032 1110 traxi

456 1150 881 1216 Carminibus
910 1153 1173 1216 victura
1199 1153 1403 1231 meis;
1448 1152 1819 1233 multosque
1863 1149 2210 1225 canende,

457 1252 787 1331 Quamvis
817 1254 1182 1318 Parcarum
1210 1259 1533 1317 restarent
1560 1253 1693 1339 fila,
1728 1254 2001 1337 peremi.
2107 1266 2112 1271 ·

2450 1046 2672 1117 ,155

454 1387 674 1436 evocatis.
723 1387 887 1450 Neque
916 1388 1083 1449 ignoro
1103 1389 1304 1451 liquores
1324 1389 1560 1436 stillantes
1596 1403 1660 1437 ex
1701 1388 1963 1448 arboribus,
1986 1392 2032 1436 el
2051 1387 2176 1437 vires
2193 1386 2479 1450 perniciosas
2495 1384 2680 1436 herba·

453 1466 578 1511 nm,
596 1467 901 1515 quascumque
921 1455 1157 1502 Caucasus
1179 1455 1275 1503 alit
1295 1459 1537 1516 turgentes
1552 1454 1727 1502 semine
1748 1453 2024 1513 mortifero,-
2071 1458 2118 1502 et
2151 1468 2277 1518 quas
2294 1467 2415 1500 saxa
2434 1451 2671 1515 Scythica

444 1486 660 1575 sanciunt
697 1517 882 1578 herbas,
900 1533 1013 1580 quas
1051 1519 1222 1567 Medea
1257 1519 1454 1566 crudelis
1474 1519 1681 1581 collegit,
1713 1524 1757 1566 el
1803 1521 1939 1567 Circe
1973 1523 2160 1566 astuta.
2217 1519 2332 1580 Ego
2356 1516 2672 1580 frequentius

455 1581 642 1630 evocavi
682 1583 851 1630 Manes
885 1583 1152 1643 horribiles,
1191 1589 1239 1632 et
1277 1584 1495 1650 Hecaten
1532 1584 1585 1631 in
1618 1583 1876 1659 sacrificiis
1907 1583 2163 1643 nocturnis,
2189 1587 2237 1630 et
2268 1583 2440 1631 reduxi
2463 1582 2671 1646 figuras

454 1653 773 1703 mortuorum
794 1649 1016 1709 sepultas,
1038 1652 1270 1697 revictam
1287 1641 1654 1699 incantamentis
1684 1649 1830 1698 meis:
1863 1655 2003 1713 atque
2039 1647 2256 1706 interfeci
2284 1648 2516 1711 plurimos
2550 1661 2671 1696 can-

454 1712 618 1774 tando,
672 1713 764 1760 etsi
811 1713 1021 1761 stamina
1063 1713 1325 1762 Parcarum
1367 1713 1539 1762 nenda
1580 1718 1932 1778 superessent.
1975 1715 2088 1777 Ego
2127 1712 2262 1775 coe'gi
2303 1727 2495 1775 quercus
2532 1725 2671 1761 erra·

1378 1826 1737 1846 OOOOOOOOOO

455 1887 697 1940 Pulman.
735 1891 817 1940 ed.
842 1891 1013 1940 Vicet.
1054 1899 1109 1941 et
1144 1892 1505 1956 parmaeque
1543 1895 1741 1942 Mazar.
1746 1898 1904 1943 —151
1935 1892 2149 1956 germine
2167 1890 2350 1940 Ambr.
2386 1899 2511 1941 tert.
2532 1893 2672 1942 Exc.
2681 1922 2692 1929 -

458 1956 677 2006 Lucens.
701 1957 906 2005 carmine
927 1956 1069 2006 Med.
1103 1971 1209 2007 see.
1232 1959 1358 2007 Vat.
1383 1959 1547 2022 quint.
1569 1974 1731 2022 marg.
1771 1958 1959 2021 Isiugr.
1998 1957 2181 2021 reliqui
2220 1972 2395 2005 omnes
2426 1957 2667 2019 gramine.

452 2020 531 2069 ita
552 2022 772 2071 Gesner.
791 2022 937 2084 pollet
959 2022 1102 2072 Pric-
1125 2038 1242 2071 am.
1269 2038 1342 2085 pr.
1363 2030 1417 2072 et
1439 2022 1557 2075 Ald.
1559 2029 1721 2076 -152
1729 2023 1959 2087 Scythiae
1981 2022 2098 2072 Pat.
2122 2023 2274 2071 Farn.
2301 2023 2439 2071 Prie.
2462 2024 2666 2071 Thumi.

457 2086 604 2136 Med.
622 2087 893 2148 duo,Exe.
920 2087 1137 2136 Gevart.
1152 2088 1243 2137 ed.
1267 2088 1442 2145 Parm.
1468 2095 1523 2139 et
1549 2090 1721 2138 Vicet.
1757 2088 1946 2137 Sciticoe
1971 2088 2141 2136 Oxon.
2177 2101 2281 2136 sec.
2322 2087 2462 2135 Sitiae
2485 2087 2668 2137 Oxou.

455 2166 537 2214 pr.
560 2167 589 2200 a
613 2166 680 2211 ιιι.
707 2165 809 2200 sec.
829 2152 1046 2212 gramine
1086 2151 1266 2201 Ambr.
1291 2153 1390 2201 duo
1410 2160 1466 2203 et
1487 2154 1691 2203 Tholas.
1716 2153 1889 2203 Vicet.
1914 2160 1968 2202 et
1993 2152 2168 2201 Parm.
2211 2154 2426 2200 vernanti
2443 2151 2668 2214 gramine

455 2217 659 2265 Bonon.
680 2217 900 2276 gramine
922 2217 1077 2265 etiam
1100 2218 1292 2266 hahent
1315 2233 1490 2268 omnes
1506 2220 1627 2268 Vat.
1665 2220 1783 2267 Pal.
1807 2219 1959 2267 Farn.
1999 2218 2143 2266 Rott.
2180 2215 2321 2266 Prie.
2348 2218 2514 2266 Oisel.
2545 2231 2667 2278 gra-

455 2282 586 2330 mina
626 2282 755 2330 Exc.
788 2282 1008 2331 Lucens.
1032 2297 1138 2332 sec.
1160 2283 1370 2332 carmina
1407 2292 1461 2332 et
1497 2284 1700 2333 emend.
1732 2284 1957 2345 gramina
1978 2283 2211 2332 Floreat.
2233 2297 2373 2345 rupes
2403 2283 2484 2331 vel
2509 2285 2669 2331 cautes

461 2345 582 2396 Vat.
623 2360 701 2409 pr.
743 2346 990 2395 Heinsius
1029 2348 1158 2410 legit
1195 2353 1391 2397 vernant
1428 2350 1482 2398 in
1518 2350 1746 2398 carmina.
1784 2349 1858 2396 ita
1900 2348 2124 2397 Gesner.
2166 2347 2371 2396 carmine
2409 2346 2670 2409 Isingr.—

458 2415 552 2461 153
590 2411 811 2488 Quasque
845 2412 963 2475 legit
1001 2413 1229 2481 Florent.
1266 2429 1297 2461 a
1336 2430 1403 2463 m.
1444 2429 1551 2462 sec.
1554 2418 1715 2462 —154
1748 2414 1912 2463 latices
1948 2427 2043 2476 pro
2080 2413 2256 2461 Manes
2289 2427 2449 2475 marg.
2475 2411 2665 2476 Isingr.

455 2477 616 2526 vocavi
637 2473 839 2525 Βοιιοιι.
865 2493 894 2525 a
917 2493 985 2527 m.
1009 2494 1113 2528 sec.
1137 2480 1288 2528 levavi
1311 2481 1438 2530 Exc.
1459 2480 1677 2529 Lucens.
1704 2494 1809 2528 sec.
1830 2479 1970 2527 litavi
1993 2486 2214 2543 quatuor
2238 2478 2353 2526 Vat.
2373 2480 2487 2529 Pal.
2509 2480 2667 2529 Fam.

457 2542 599 2591 Prie.
623 2543 765 2591 Rott.
790 2543 952 2592 Oisel.
990 2544 1127 2593 litavi
1149 2546 1230 2592 vel
1253 2545 1403 2593 levavi
1438 2545 1579 2595 Prie.
1618 2546 1799 2593 litando
1818 2545 1941 2593 Vat.
1967 2558 2047 2607 pr.
2073 2558 2164 2605 pro
2202 2544 2486 2592 varialect.
2511 2542 2669 2591 litatis

456 2606 604 2656 Med.
628 2613 750 2657 tert.
759 2608 962 2657 litatum
986 2610 1114 2673 legit
1141 2609 1404 2669 Heinsius,
1427 2610 1514 2674 qui
1542 2610 1855 2673 ascripserat
1876 2609 2046 2657 locum
2073 2608 2229 2657 Ovid.
2255 2609 2387 2657 Met.
2410 2621 2525 2656 xlv.
2551 2612 2667 2658 364.

454 2673 471 2700 ⁸
495 2672 755 2737 sacrisque
795 2687 861 2721 ex
901 2688 1042 2723 more
1081 2673 1278 2724 litatis?
1314 2676 1388 2723 sic
1428 2676 1655 2738 sanguine
1691 2675 1832 2723 litare
1871 2673 2153 2737 Capitolia.
2187 2688 2238 2735 p.
2265 2674 2436 2721 168.1.
2461 2677 2539 2723 2⁷.
2567 2672 2671 2721 alia

456 2751 584 2786 vero
602 2752 774 2795 manu,
797 2744 853 2786 ut
878 2739 1100 2799 videtur,
1124 2746 1353 2789 notatum
1379 2748 1511 2800 erat,
1547 2739 1783 2803 sacrisque
1803 2739 1949 2788 citavi
1988 2746 2107 2788 vet.
2133 2737 2248 2788 cod.
2289 2738 2536 2787 Claverii.
2556 2737 2665 2786 vid.

457 2802 575 2850 Val.
616 2803 793 2852 Flacc.
836 2803 950 2853 Lib.
993 2817 1077 2854 111.
1116 2808 1229 2855 520.
1273 2807 1384 2854 loco
1421 2806 1742 2867 corrupto,‘
1770 2805 1946 2853 Furias
1981 2804 2268 2867 Ditemque
2310 2802 2498 2852 ciebo?
2529 2803 2667 2852 male

457 2866 711 2916 mvebov.
735 2882 781 2915 e.
804 2867 950 2918 Carr.
978 2869 1112 2931 quod
1150 2871 1436 2932 praecessit.
1479 2871 1626 2919 citavi
1665 2877 1835 2918 autem
1865 2870 1974 2932 jam
2016 2868 2315 2931 conjecerat
2346 2868 2575 2917 GronoV.
2599 2866 2668 2917 ad

459 2931 586 2982 edit.
621 2932 803 2981 Barth.
839 2934 1115 2997 conditaque
1151 2935 1274 2984 Vat.
1313 2942 1481 2999 quart.
1522 2941 1576 2984 et
1613 2935 1777 3000 quint.
1781 2938 1944 2983 ——158
1982 2934 2053 2983 Et
2088 2947 2290 3025 revagas
2326 2933 2470 2983 Med.
2496 2940 2669 2997 quart.

526 3131 622 3177 150
655 3128 819 3192 Succi]
867 3132 1079 3181 Funesti
1112 3147 1171 3182 ac
1191 3130 1428 3195 pestiferi
1451 3048 1689 3194 lii-PTliAEm
1730 3136 1787 3181 et
1822 3130 1953 3179 AEtoe
1991 3129 2296 3182 Colchorum
2322 3128 2481 3190 Regis
2504 3141 2669 3192 soror,

460 3218 648 3269 queres
671 3219 754 3255 ex
762 3206 1025 3257 arboribus
1042 3216 1326 3260 manantes.

527 3284 622 3331 152
673 3282 931 3345 Caucasus]
980 3284 1132 3332 Mons
1161 3283 1304 3336 Asiae
1344 3299 1521 3336 versus

457 3357 1143 3423 septemtrionem‚Magicis
1164 3361 1340 3410 herbis
1362 3361 1521 3412 abun-

459 3433 620 3484 dans:
656 3434 1011 3490 efficacissima
1049 3453 1199 3500 porro
1230 3438 1299 3487 ad
1332 3438 1521 3490 venefi-

459 3511 594 3562 cium
618 3513 853 3575 gramina
887 3515 1153 3570 montium.
1222 3516 1291 3568 Et
1327 3514 1523 3577 duplex

457 3594 544 3638 est
566 3589 761 3653 Magia,
783 3605 884 3640 una
905 3589 964 3639 fit
984 3605 1081 3655 per
1111 3592 1358 3653 earmina,
1394 3593 1525 3644 ulte·

457 3677 520 3714 ta
541 3680 636 3727 per
651 3666 860 3715 herbas:
888 3674 1161 3733 utramque
1183 3669 1373 3732 saepius
1391 3668 1523 3720 Poa-

456 3746 533 3791 ‘tae
557 3742 891 3805 conjungunt.

528 3817 765 3881 Scythica:
784 3818 946 3881 rupes]
978 3821 1154 3883 Rupes
1175 3822 1420 3885 Scythioe,
1442 3836 1522 3871 re·

458 3894 626 3957 gionis
664 3895 715 3942 in
756 3892 915 3955 Λείας
964 3896 1057 3944 sed
1094 3902 1152 3948 et
1191 3898 1402 3961 Scythia
1438 3905 1522 3950 est

461 3970 735 4033 Europaea,

455 4103 462 4116 ι
529 4049 622 4098 153
659 4045 855 4109 Medea]
887 4045 1019 4095 Filia
1053 4047 1182 4106 AEtae
1223 4049 1379 4111 Regis
1400 4050 1523 4099 Col·

460 4122 700 4194 choi-unu
740 4121 952 4184 soemina
973 4124 1196 4189 Magicis
1235 4126 1446 4189 artibus,
1468 4134 1524 4182 et

459 4198 741 4248 liberorum
762 4200 907 4248 caede
928 4201 1148 4250 infamis.
1270 4257 1271 4262 ¹

531 4274 694 4338 Circe]
721 4276 858 4326 Solis
890 4283 946 4328 et
967 4278 1155 4329 Perses
1185 4280 1443 4345 Nymphae
1465 4279 1523 4330 fl-

1601 3207 1968 3260 reneficiorum
1991 3206 2319 3269 peritissima.

1669 3289 1764 3334 154
1800 3283 1994 3346 Manes]
2031 3284 2172 3334 Deos
2191 3281 2485 3332 Inferni-um
2507 3282 2669 3334 horri-

1600 3364 1733 3413 biles
1755 3364 1885 3413 visu.

1667 3442 1759 3498 1⁵5
1784 3440 2024 3503 Hecaten]
2039 3439 2413 3502 Tei-geminam,
2423 3453 2668 3503 quaernoc·

1603 3516 1767 3565 turnis
1800 3514 2070 3564 sacrificiis
2101 3517 2414 3566 evocabatur
2437 3532 2502 3565 ex
2527 3514 2668 3566 Infe-

1605 3593 1694 3644 ris.
1765 3592 2026 3654 Hecaten,
2072 3593 2314 3654 Dianam,
2363 3601 2421 3643 et
2470 3596 2663 3643 hunam

1603 3670 1820 3720 eandem
1839 3684 1955 3718 esse
1977 3676 2185 3732 putant,
2225 3672 2665 3736 tergeminamque

1601 3745 1803 3795 faciunt
1826 3746 1894 3796 ob
1920 3753 2025 3796 tres
2050 3748 2215 3797 varias
2238 3748 2396 3799 Lunae
2420 3747 2598 3798 facies.

1665 3822 1873 3876 Conana
1890 3822 2096 3886 funera]
2144 3824 2367 3874 Condita
2395 3824 2579 3875 fimet-a
2609 3834 2665 3877 et

1602 3900 1807 3961 sepulta
1830 3898 2086 3948 cadavera
2107 3900 2161 3949 in
2185 3900 2354 3952 lucem
2377 3900 2661 3963 reducere;

1602 3975 1653 4024 id
1680 3973 1815 4038 quod
1841 3988 1934 4037 per
1974 3974 2361 4028 uicantamenta
2381 3975 2493 4026 fieri
2516 3992 2662 4040 posse

1603 4050 1907 4122 credebant..
1993 4051 2081 4104 sie
2125 4053 2279 4103 funus
2319 4054 2531 4116 ponitur
2570 4070 2661 4119 pro

1603 4130 1878 4191 cadavere,
1900 4130 2035 4196 qaod
2059 4128 2241 4185 fimet?
2264 4129 2493 4185 effertur.

1667 4211 1762 4256 15⁷
1787 4207 2297 4263 QuamvisPoecanwn
2310 4212 2662 4278 φαειναί-βω]

1600 4284 1718 4336 Fila
1727 4284 1909 4341 ,nenda
1926 4285 2161 4348 stilicen
2193 4286 2290 4338 hec
2308 4294 2400 4338 est
2412 4286 2512 4338 etsi
2525 4287 2660 4339 *Par-
