2925 4928
441 388 600 472 ‚1¹1⁸
1161 434 1171 444 -
1227 403 1345 454 er..
1388 399 1824 454 ausoniam
1873 402 1972 453 v.-

473 551 1167 638 Ferratosquelevant
1192 551 1411 614 securi-
1433 548 1738 613 vulneris·
1754 565 2001 613 armos.

472 657 719 724 Diviso
748 662 879 722 stat
906 655 1192 741 quisque
1218 653 1398 716 loeo.
1493 651 1853 715 Metuenda
1880 649 2197 739 voluptas
2251 708 2254 713 .

475 762 811 839 cernenti,
837 760 1232 845 pulcherque
1264 757 1500 836 timor3
1546 756 1878 840 spirisque
1911 753 2206 819 remissis

470 863 950 930 mansuescunt
973 861 1143 926 varii
1172 868 1366 923 vento
1395 864 1694 923 cessante
1724 857 2067 922 dracones.
2445 912 2456 921 ,.
2511 853 2682 922 -365

470 966 816 1050 Augustus
843 964 1216 1031 veneranda
1245 965 1424 1047 prior
1451 961 1701 1026 vexilla
1732 962 2003 1026 salutat.

414 1102 417 1103 ⁷
474 1068 766 1137 Rufinus
793 1070 1103 1153 sequitur,
1136 1087 1273 1151 quo
1304 1067 1532 1130 fallere
1560 1072 1800 1141 cuneta
1829 1065 2090 1129 solebat

474 1172 778 1238 Callidus
808 1171 1033 1249 affatu,
1066 1171 1445 1254 devotaque.
1468 1169 1743 1233 brachia
1769 1168 2002 1233 laudat

473 1275 765 1342 Nomine
795 1295 1123 1361 quemque
1153 1293 1437 1339 vocans:
1485 1280 1811 1357 natosque
1838 1270 2506 1356 patresquereversis

438 1378 756 1457 *Nuntiat
779 1381 1170 1444 incolumes.
1265 1377 1394 1454 nli,
1420 1377 1576 1441 dum
1607 1378 1891 1460 plurima
1916 1376 2074 1442 ficto
2422 1429 2428 1439 .
2467 1429 2472 1435 .
2545 1372 2686 1438 370

475 1481 793 1548 Certatim
823 1501 1119 1547 sermone
1145 1487 1394 1564 petunt,
1425 1480 1780 1545 extendere
1808 1481 2046 1563 longos

423 1706 427 1710 .
462 1663 673 1727 serrato,
708 1669 757 1714 et
789 1665 1000 1721 ridentes
1024 1664 1234 1726 plagam,
1265 1665 1489 1713 attollant
1512 1664 1723 1714 humeros
1731 1663 1963 1723 serratos.
2036 1662 2362 1727 Unusquisque
2388 1668 2487 1712 stat
2506 1662 2559 1712 in
2572 1663 2686 1723 loco‘

418 1760 423 1763 -
471 1734 716 1793 separato.-
749 1730 994 1778 delectatio
1012 1734 1079 1777 est
1086 1728 1396 1788 formidanda
1419 1730 1677 1792 videnti,et
1691 1730 1926 1791 jucundus
1941 1733 2121 1785 metas,-
2152 1744 2207 1777 ac
2227 1727 2442 1791 flexibus
2477 1729 2680 1791 laxatis,

471 1799 709 1858 serpentes
730 1795 904 1842 diversi
928 1795 1192 1854 mitescunt,
1225 1796 1378 1842 ventis
1407 1795 1761 1858 quiescentibus.
1828 1796 2093 1858 Imperator
2125 1794 2306 1856 primas
2335 1795 2510 1842 salutat
2539 1793 2687 1856 signa

472 1860 786 1909 venerabilia.-
846 1859 1046 1924 Rufinas
1079 1859 1309 1920 seqnitur,
1349 1875 1439 1922 qao
1479 1859 1683 1923 'alhqaio
1729 1860 1842 1922 ipse
1881 1864 2095 1909 versutus
2128 1864 2428 1907 consueverat
2468 1859 2688 1922 decipere

468 1939 646 1987 omnes,
681 1929 729 1972 et
764 1929 1055 1973 commendat
1078 1939 1243 1985 manus
1262 1924 1484 1972 militum
1504 1940 1554 1973 se
1574 1925 1913 1983 devoventium,
1937 1926 2177 1988 appellans
2196 1939 2564 1986 unumquemque
2585 1939 2682 1973 suo

471 1989 688 2037 nomine:
719 1994 860 2052 atque
877 1989 1130 2036 annuntiat
1162 1988 1411 2037 militibus
1431 1990 1679 2038 redacibus
1712 2005 1887 2038 eorum
1919 1994 2083 2053 patres
2123 1994 2169 2037 et
2194 1989 2332 2054 filios
2367 2002 2477 2037 esse
2508 1990 2683 2038 salvos.

472 2054 558 2101 Illi
575 2054 768 2117 milites,
788 2055 900 2102 dum
916 2057 1113 2118 poscunt
1135 2053 1354 2102 certatim
1371 2054 1853 2120 mtdtilfflerbisfietis,
1874 2056 2127 2117 accingunt
2155 2056 2405 2117 porrigere
2439 2068 2561 2117 pone
2580 2055 2682 2102 cir-

1397 2182 1422 2201 0
1428 2183 1453 2201 O
1459 2182 1719 2204 ‘'eene“
1725 2183 1753 2203 O

474 2263 641 2315 Oisel.
674 2266 831 2314 levant
854 2265 956 2314 duo
977 2265 1098 2316 Vat.
1135 2267 1283 2316 Rott.
1306 2267 1452 2316 Med.
1478 2281 1582 2319 sec.
1601 2269 1724 2318 Pat.
1748 2269 1868 2317 Vat.
1894 2267 2061 2318 Livin.
2080 2268 2207 2317 Exc.
2231 2267 2447 2316 LucenS.
2472 2278 2577 2314 sec.
2614 2264 2682 2314 le-

468 2334 588 2378 vant
608 2329 692 2381 vel
709 2335 891 2378 movent
921 2331 1144 2382 Florent.
1161 2332 1404 2383 Heinsius
1429 2334 1740 2396 ascripserat
1764 2335 1931 2382 locum
1954 2348 2021 2382 ex
2045 2334 2159 2382 Bel.
2191 2332 2315 2382 Get.
2339 2347 2413 2380 vs.
2438 2335 2519 2380 51.
2552 2331 2566 2357 ‘
2593 2329 2689 2378 Se-

469 2408 626 2509 'qqlras
649 2394 946 2509 ,ἱειῐιέἑξῦοιὲῗ
969 2397 1829 2513 ξεναῐὲτῗηέιιἰῑίὲίοτῑειὲοεε.Ῥαν-ΐιω
1850 2399 2045 2448 Moret.
2061 2413 2144 2463 pr.
2164 2397 2409 2511 grimtml.²
2420 2410 2500 2459 pr.
2532 2401 2696 2510 exilias,

557 2474 742 2512 uan.-
954 2477 1087 2522 Jusso
1160 2478 1190 2511 a
1217 2498 1229 2511 .
1300 2479 1330 2512 ο
1385 2500 1396 2513 .
1422 2478 1451 2512 e
1550 2480 1635 2513 xc.
1710 2480 1738 2513 a
1768 2479 1907 2513 ‚rec.
1927 2480 1995 2513 m.
2025 2478 2129 2513 sec.
2216 2478 2296 2512 nce
2326 2499 2338 2512 .
2412 2477 2535 2510 arm.
2669 2494 2686 2511 .

470 2524 662 2588 Isingr.
688 2523 854 2575 Colin.
879 2526 1015 2574 unde
1037 2528 1287 2576 Heinsius
1312 2529 1522 2592 legebat
1568 2530 1635 2578 Ut
1665 2531 1818 2590 Jusso.
1855 2530 1923 2577 Et
1952 2530 2078 2593 jusso
2102 2529 2182 2577 vel
2207 2528 2376 2577 Diviso
2408 2528 2534 2576 Vat.
2554 2532 2683 2577 tert.

470 2589 672 2640 Thuan.
691 2589 925 2639 Florent.
961 2592 1132 2641 Diviso
1156 2594 1237 2642 vel
1268 2594 1497 2643 Dimenso
1520 2595 1644 2644 Vat.
1667 2610 1749 2659 pr.
1786 2594 1953 2643 Diviso
1977 2594 2161 2657 reliqui
2185 2592 2298 2642 fere
2321 2598 2514 2641 omnes.
2548 2591 2684 2642 Exc.

472 2654 692 2705 Gevart.
715 2656 934 2705 Lucens.
958 2671 1063 2706 sec.
1088 2658 1212 2708 Var.
1237 2658 1344 2709 LL.
1367 2660 1450 2708 ed.
1478 2658 1636 2722 Antv.
1660 2667 1715 2709 et
1738 2660 1928 2709 Sehed.
1968 2658 2107 2709 Gud.
2144 2664 2270 2708 metu
2294 2671 2387 2721 pro
2411 2659 2508 2705 Ioco
2532 2656 2687 2707 Med.

471 2724 761 2776 terte—864
800 2723 1037 2770 Cernendi
1053 2723 1256 2771 Tholos.
1282 2725 1407 2774 Lov.
1432 2725 1586 2775 Farn.
1623 2725 1778 2774 Prie:
1800 2724 1984 2773 Petav.
2022 2740 2101 2788 pr.
2128 2740 2195 2771 m.
2218 2739 2298 2784 pr.
2335 2721 2571 2771 cernendi
2598 2722 2687 2770 vel

477 2786 709 2834 Cernenti
756 2784 859 2835 duo
894 2787 1015 2836 Vat.
1051 2787 1196 2836 Med.
1253 2797 1420 2852 quart.
1487 2792 1681 2839 revulsis
1739 2789 1918 2839 Ambr.
1967 2805 2049 2853 pr.
2100 2788 2269 2837 revisis
2315 2785 2460 2836 Med.
2508 2792 2686 2851 quart.

470 2849 671 2913 revulsis
723 2851 808 2899 vel
865 2852 1073 2900 remissis
1127 2853 1321 2903 Moret.
1383 2859 1649 2904 sem—365
1706 2857 1858 2904 leones
1903 2869 1999 2917 pro
2064 2856 2288 2903 dracones
2337 2852 2460 2901 Vat.
2511 2866 2691 2902 sec.—

472 2917 571 2962 366
603 2915 843 2964 Arcadius
884 2930 1047 2979 marg.
1090 2916 1275 2977 Isingr.
1329 2919 1408 2969 ed.
1457 2920 1663 2969 Claver.
1710 2921 1847 2983 prius
1887 2919 2077 2969 Moret.
2125 2921 2397 2967 sem—36⁷
2448 2916 2528 2981 qui
2564 2931 2692 2981 qua·

473 2983 595 3027 tuor
648 2979 768 3028 Vat.
821 2979 934 3030 Pal.
990 2981 1144 3031 Farn.
1190 2982 1333 3031 Prie.
1393 2984 1562 3033 Oisel.
1608 3000 1696 3048 quo
1741 2985 1862 3034 Vat.
1921 2985 2091 3033 Livin.
2138 2984 2324 3031 Petav.
2373 2996 2479 3031 sec.
2520 2996 2587 3029 m.
2639 2997 2688 3032 8.

464 3042 654 3091 Barth.
705 3059 794 3107 quo
824 3044 907 3092 vel
951 3046 1034 3107 qni
1086 3046 1207 3095 Vat.
1261 3053 1509 3110 pr.—369
1538 3054 1691 3105 ‚vocat
1736 3050 1856 3099 Vat.
1900 3064 1976 3112 pr.
2028 3055 2134 3097 vet.
2180 3048 2307 3111 Gyr.
2353 3048 2475 3095 Vat.
2514 3044 2689 3098 Livin.

471 3107 603 3158 Exc.
626 3108 846 3157 Lucens.
887 3124 991 3158 see.
1020 3116 1156 3160 natos
1190 3116 1443 3177 patresque·
1478 3114 1672 3164 Moret.
1708 3129 1816 3164 sec.
1862 3113 1965 3163 duo
2000 3115 2121 3163 Vat.
2155 3118 2378 3176 natosque
2410 3113 2541 3161 Exc.
2582 3112 2692 3161 Lu-

471 3186 614 3221 cenS.
656 3187 758 3221 sec.
808 3178 1025 3237 notosque
1056 3177 1176 3227 Vat.
1217 3184 1340 3227 tert.
1387 3194 1455 3226 m.
1498 3194 1582 3243 pr.
1627 3180 1857 3229 Florent.
1895 3176 2016 3228 Ald.
2049 3178 2134 3228 ed.
2189 3178 2363 3227 Parm.
2406 3184 2464 3226 et
2501 3176 2687 3228 Vicet.

469 3241 724 3301 natumque
749 3243 1025 3301 patremque
1056 3240 1173 3289 Pal.
1217 3242 1362 3291 Med.
1400 3258 1481 3306 pr.
1516 3259 1729 3302 reversus
1748 3245 2103 3294 Thoan—371
2140 3245 2392 3293 extendere
2413 3246 2519 3291 vet.
2546 3242 2687 3305 Gyr.

471 3302 604 3353 Exc.
641 3302 865 3354 Lucens.
906 3317 1009 3355 sec.
1043 3303 1286 3357 intendere
1324 3307 1507 3359 decern
1548 3310 1652 3361 alii.
1686 3312 1823 3374 longo
1861 3311 1985 3361 Vat.
2018 3315 2142 3359 tert.
2180 3308 2283 3358 duo
2315 3307 2462 3359 Med.
2496 3307 2691 3360 PetaV.

1446 3459 1449 3462 Δ
1477 3440 1691 3491 NOTAE

463 3528 690 3619 sci-lieet,
730 3535 787 3581 et
816 3537 1090 3584 contextus
1115 3547 1182 3583 ex
1203 3534 1408 3588 laminis
1432 3533 1536 3586 fer·
1682 3545 1780 3592 369
1815 3540 2019 3596 Nomine
2037 3536 2474 3604 quemque'vocms]
2528 3539 2690 3590 More

469 3621 593 3658 tels·
1618 3632 1927 3668 summorum
1952 3618 2368 3679 Imperatorumt
2394 3617 2468 3667 sic
2490 3617 2690 3683 Cyrus,

530 3688 628 3735 368
663 3687 921 3738 Metuenda
943 3690 1182 3754 voluptas]
1217 3691 1393 3743 Dulce
1417 3698 1536 3744 erat
1620 3694 1693 3744 sic
1719 3693 2020 3745 Alexander
2052 3702 2110 3744 et
2147 3694 2233 3743 alii
2259 3709 2389 3744 sese⁴
2408 3693 2686 3759 gerebant,

467 3758 545 3809 sic
568 3761 748 3812 videre
791 3771 847 3813 et
887 3765 1079 3814 milites
1101 3774 1156 3815 et
1192 3782 1354 3832 equos
1392 3774 1535 3819 cata·
1618 3771 1684 3821 ad
1703 3772 1892 3821 milites
1914 3772 2012 3822 sibi
2031 3771 2399 3822 conciliandos.

464 3835 731 3899 phraetos‚
770 3853 861 3887 seu
896 3840 1097 3889 laminis
1120 3840 1303 3891 ferreis
1342 3850 1534 3906 tectos,
1612 3883 1622 3890 -
1679 3852 1768 3897 3⁷1
1813 3849 2083 3898 Extendere
2101 3847 2456 3912 longosflexus]
2480 3847 2689 3899 Milites

463 3907 555 3959 sed
579 3917 634 3960 et
659 3913 808 3960 simul
831 3915 1152 3979 nescioquid
1174 3917 1225 3965 in
1260 3917 1349 3992 illo
1373 3934 1534 3984 appa·
1607 3935 1889 3988 -coeperunt
1912 3927 2068 3989 longo
2103 3924 2243 3975 flexu
2283 3940 2395 3975 sese
2419 3929 2471 3975 in
2496 3925 2688 3977 orbem

466 3994 589 4037 ratu
611 3986 990 4041 formidandum
1014 3995 1320 4055 apparebat.
1617 4015 1853 4061 curvare,
1895 4016 2118 4066 moxque
2161 4004 2267 4051 alas
2300 4003 2594 4065 explicatas
2628 4001 2688 4052 in

530 4070 625 4117 365
659 4068 926 4133 Dracones]
959 4071 1021 4120 Iu
1048 4073 1250 4122 vexillis
1274 4074 1420 4137 picti.
1615 4093 1771 4127 unum
1794 4079 2128 4143 conjungere,
2161 4095 2223 4130 ac
2244 4081 2321 4130 sie
2342 4078 2589 4130 Rufinum
2612 4079 2687 4131 de

530 4147 628 4193 366
680 4146 952 4211 Augustus]
1024 4149 1324 4213 Imperator
1367 4150 1535 4202 Arca-
1615 4162 1846 4219 sceptro,
1868 4170 1973 4205 non
1996 4155 2065 4205 de
2087 4155 2321 4223 periculo
2342 4155 2688 4223 cogitantem,

464 4219 582 4349 {idias
604 4222 798 4349 salutat
821 4225 1044 4291 vexilla3
1079 4225 1275 4278 deinde
1315 4227 1535 4282 Rufinus
1563 4275 1568 4280 .
1609 4230 2011 4294 'circumvenis-e.

525 4312 606 4352 em
657 4299 778 4353 aeit.
