2925 4928
925 464 1021 512 011
1069 460 1309 510 nanno
1353 457 1792 509 0110011100.
2309 433 2460 506 *357

267 615 527 681 Tertius
559 610 882 677 occubuit
908 609 1053 673 nati
1081 607 1324 673 virtute
1356 612 1705 688 tyrannus,

267 718 516 784 Horret
547 714 765 780 adhuc
796 712 1074 789 animus,
1101 710 1593 791 manifestaque
1625 704 1873 789 gaudia
1901 701 2145 781 differt,

265 820 437 884 Dum
467 822 719 902 stupet,
750 822 820 880 et
847 821 1028 879 tanto
1058 816 1412 878 cunctatur
1444 810 1709 875 credere
1738 815 1925 875 vot0.

264 922 574 989 Necdum
602 917 964 1003 Cinyphias
993 917 1332 981 exercitus
1360 915 1579 997 attigit
1607 931 1784 991 oraS,

244 1024 410 1091 ·Jam
437 1024 728 1089 domitus
757 1020 1025 1085 Gildon.
1116 1018 1342 1082 Nullis
1369 1016 1658 1082 victoria
1678 1014 1875 1080 nodis

262 1128 510 1206 Haesit,
542 1133 676 1192 11011
704 1130 894 1189 terrae
925 1122 1170 1206 spatie,
1199 1140 1330 1186 non
1359 1119 1581 1204 objice
1605 1117 1818 1202 ponti.

263 1230 734 1314 Congressum,
763 1225 1135 1312 profugum,
1167 1230 1438 1308 captum
1470 1242 1606 1290 vox
1634 1220 1900 1285 nuntiat
1925 1237 2082 1295 una,

2373 1008 2461 1073 10

259 1428 431 1463 rannus
452 1412 627 1462 tertius
643 1415 910 1473 prostratus
944 1415 1014 1460 est
1035 1410 1327 1470 fortitudine
1349 1410 1453 1477 filii
1482 1408 1723 1470 Honorii,
1745 1405 1797 1455 id
1814 1406 1934 1469 quod
1956 1417 2098 1452 unum
2118 1396 2275 1460 defuit
2296 1398 2465 1448 trium-

251 1479 358 1542 phis
387 1478 552 1541 patris
582 1476 872 1525 Theodosii.
937 1475 1138 1525 Animus
1172 1490 1318 1525 meus
1353 1475 1581 1525 horrescit
1617 1474 1787 1534 adhuc,
1822 1475 1869 1520 et
1901 1467 2071 1532 differt
2109 1473 2217 1516 tam
2253 1468 2468 1528 apertam

257 1543 498 1605 loetitiam,
516 1544 632 1591 dum
655 1541 952 1604 obstupescit,
970 1557 1028 1590 uc
1048 1546 1259 1590 moratur
1292 1544 1479 1591 credere
1500 1539 1650 1589 teritis
1669 1536 1862 1601 optatis.
1931 1532 2187 1582 Exercitus
2207 1545 2299 1579 non
2319 1528 2471 1578 adhuc

254 1608 472 1671 pervenit
490 1607 557 1656 ad
579 1612 758 1655 11001113
786 1605 1057 1666 Africanos,
1078 1614 1134 1655 et
1176 1607 1355 1656 Gildon
1375 1606 1485 1667 jam
1520 1609 1769 1668 superatus
1788 1605 1876 1651 est.
1945 1597 2233 1660 Triumphus
2253 1610 2345 1644 111111
2380 1594 2474 1643 1111-

253 1674 444 1737 peditus
465 1678 539 1722 est
558 1672 668 1720 ullis
687 1671 1056 1737 difficultatibus,
1079 1687 1171 1721 non
1192 1671 1487 1733 longitudine
1506 1671 1713 1730 viarum,
1734 1682 1827 1716 non
1856 1663 2108 1714 obstaculis
2128 1660 2291 1711 moris.
2365 1659 2472 1709 Vox

245 1740 415 1788 *eodem
435 1736 589 1797 refert
611 1752 717 1786 eum
737 1736 1017 1787 Gildonem
1049 1742 1268 1799 certasse,
1297 1736 1506 1802 fugisse,
1541 1742 1597 1785 et
1616 1739 1808 1798 captum
1831 1744 1960 1793 csse,
1983 1734 2030 1778 et
2047 1726 2248 1777 victoria
2266 1738 2474 1789 proeoer·

1188 1847 1546 1868 OOOOOOOOOOO

258 1916 405 1965 armis
421 1918 508 1966 vel
527 1916 656 1966 orvis
679 1917 806 1967 Exc.
828 1916 948 1966 Pat.
973 1920 1175 1965 rece—'7
1210 1921 1418 1979 tempora
1439 1914 1608 1979 differt
1631 1913 1734 1962 inc.
1759 1909 1946 1961 Heius.
1974 1907 2153 1969 gandia
2169 1906 2335 1954 desum
2357 1900 2474 1951 Pal.

259 1981 404 2031 Med.
448 1996 532 2044 pr.
573 1981 663 2031 lib.
705 1981 986 2031 Banu-9
1022 1983 1243 2031 Nondum
1277 1992 1382 2030 tres
1426 1982 1470 2028 V
1476 1987 1549 2030 at.
1591 1980 1722 2041 Reg.
1792 1978 2015 2026 Nondum
2057 1970 2285 2035 Cinyfeas
2322 1966 2472 2017 Leid.

263 2046 528 2121 Cinyphias
548 2047 631 2097 vel
654 2047 863 2111 Cepheus
895 2045 1040 2096 Med.
1063 2061 1168 2097 sec.
1219 2048 1323 2095 alas
1356 2060 1449 2109 pro
1473 2060 1581 2094 oras
1599 2045 1721 2093 Vat.
1758 2056 1865 2091 sec.
1885 2056 1952 2089 m.
1974 2040 2191 2151 Kr'—l⁰
2228 2034 2373 2083 Gildo
2392 2033 2478 2081 do-

259 2116 403 2160 mitus
429 2112 626 2162 Moret.
662 2127 768 2163 sec.
824 2112 1002 2161 Gildoni
1023 2113 1145 2162 Vat.
1169 2118 1290 2161 tert.
1326 2111 1469 2161 Prie.
1498 2110 1729 2159 Florem.
1752 2107 1852 2155 duo
1878 2106 1971 2155 Me
2012 2140 2025 2153 .
2047 2100 2265 2153 totidem
2289 2100 2474 2148 Petav-

260 2176 462 2244 Bonon.
485 2177 699 2227 Tholos.
724 2178 854 2227 Lov.
878 2175 1060 2226 Ainbr.
1083 2183 1137 2225 et
1160 2176 1332 2226 Oxou.
1359 2191 1464 2226 sec.
1489 2175 1573 2226 ed.
1600 2174 1775 2223 Parin.
1791 2179 1855 2222 et
1874 2171 2045 2221 Vicet.
2100 2167 2246 2215 Gildo
2270 2169 2475 2226 septem

260 2241 363 2290 alii.
383 2241 563 2291 Oxou.
591 2257 669 2306 pr.
690 2248 990 2307 sequentem
1009 2242 1075 2291 de
1102 2242 1326 2291 Gildone
1350 2241 1583 2292 Glossam
1612 2239 1842 2288 exhibet.
1907 2236 1923 2264 ‘
1946 2235 2162 2285 Mortuo
2185 2227 2478 2280 Theodosio

258 2305 474 2357 Juniore
501 2308 654 2357 Gildo
688 2307 872 2357 Comes
913 2305 1129 2369 Africae,
1168 2308 1445 2356 arbitratus
1483 2320 1695 2370 parvam
1736 2304 1786 2353 in
1825 2300 2049 2367 parvulis
2089 2312 2233 2362 spem
2253 2293 2365 2344 fore
2400 2306 2476 2342 sc.

260 2368 491 2422 Arcadio
510 2379 566 2422 et
590 2372 842 2433 Honorio,
875 2370 1111 2421 Africam
1142 2372 1334 2421 viribus
1357 2372 1579 2436 propriis
1603 2370 1763 2433 coepit
1782 2380 2047 2430 usurpare.
2115 2362 2289 2426 Hujus
2310 2357 2478 2434 frater

258 2436 525 2488 Mazelzer
539 2438 769 2502 germani
792 2435 1061 2502 perfidiam
1085 2438 1485 2501 perhorrescens
1507 2437 1559 2487 in
1580 2436 1791 2486 Italiam
1813 2432 1986 2483 rediit.
2035 2428 2193 2480 Gildo
2211 2427 2339 2476 duos
2363 2436 2476 2488 ejus

262 2501 413 2567 filios,
437 2518 570 2567 qnos
596 2511 745 2568 pater
768 2504 1066 2567 reliquerat,
1084 2504 1466 2553 circumventos
1491 2502 1702 2552 occidit.
1767 2499 2024 2549 Mazelzer
2054 2495 2218 2544 sciens
2258 2508 2289 2540 a
2318 2491 2479 2540 Theo-

264 2567 406 2618 dosio
430 2576 684 2632 qnantum
710 2568 916 2617 omnino
939 2568 1171 2617 homines
1195 2569 1250 2617 in
1274 2569 1426 2618 rebus
1450 2568 1744 2631 desperatis
1769 2579 1865 2628 per
1888 2563 2042 2611 fidem
2065 2555 2477 2622 impetraverint,

264 2632 554 2701 Scapanam
579 2632 793 2682 insulam
819 2633 968 2695 adiit,
989 2633 1111 2682 inde
1135 2649 1312 2683 secum
1336 2640 1539 2684 sanctos
1555 2634 1689 2681 viros
1710 2631 1994 2685 abducens,
2015 2639 2131 2675 cum
2154 2623 2340 2688 quibus
2363 2620 2477 2687 dies

265 2697 464 2762 aliquot
499 2699 757 2763 jejunium
797 2699 1122 2747 continuavit
1158 2706 1280 2748 ante
1316 2699 1541 2749 triduum
1601 2711 1754 2763 quam
1796 2694 1930 2743 hosti
1980 2689 2253 2752 contiguus
2306 2684 2479 2735 fieret.

263 2761 445 2813 Cernit
480 2772 641 2813 nocte
663 2763 872 2812 beatum
896 2763 1221 2813 Ambrosium
1259 2765 1430 2827 paullo
1470 2769 1591 2813 ante
1630 2760 1953 2819 defunctum,
1978 2770 2077 2820 quo
2108 2751 2373 2803 victoriam
2395 2763 2481 2799 ca·

265 2836 434 2889 peret,
455 2829 598 2877 diem
618 2828 720 2895 sibi
742 2829 1054 2878 indicantem
1091 2844 1153 2877 ac
1193 2830 1382 2879 locum.
1448 2827 1530 2878 Ac
1552 2828 1710 2878 tertio
1746 2826 1828 2875 die
1849 2825 2023 2873 hostes
2063 2834 2180 2869 suos
2219 2824 2276 2867 et
2298 2814 2482 2865 Gildo-

259 2893 342 2942 nis
366 2894 648 2943 auxiliares
683 2894 792 2942 sine
817 2894 952 2942 bello
977 2894 1060 2942 dei
1095 2900 1225 2943 nutu
1258 2896 1313 2943 in
1349 2894 1666 2944 deditionem
1700 2890 1923 2954 accepit.
1990 2885 2147 2936 Gildo
2168 2885 2281 2948 ipse
2303 2880 2483 2944 fugam

238 2958 516 3023 *arripiens
539 2958 788 3008 adscensa
810 2959 928 3007 navi
954 2957 1183 3008 Africam
1207 2958 1381 3020 rediit,
1417 2967 1473 3009 et
1510 2959 1582 3009 ibi
1619 2963 1738 3021 post
1773 2956 1972 3020 aliquot
1994 2952 2105 3000 dies
2128 2946 2482 3010 strangulatus

263 3022 632 3073 interiit.'—11
666 3039 752 3073 nec
773 3025 925 3087 spatio
948 3025 1139 3074 Moret.
1175 3037 1280 3074 sec.
1331 3028 1474 3073 terroe
1564 3023 1663 3072 alio
1700 3022 1825 3070 Vat.
1866 3023 2034 3085 quart.
2068 3016 2184 3066 Pal.
2207 3014 2310 3063 duo
2330 3009 2482 3061 Med.

256 3087 402 3154 Reg.
429 3089 584 3147 ambo
606 3089 800 3141 Moret.
823 3090 951 3141 Lov.
973 3089 1185 3141 Tholos.
1201 3090 1389 3140 Petav.
1409 3105 1491 3154 pr.
1509 3039 1691 3139 ffmbr.
1717 3093 1845 3137 tert.
1874 3084 2028 3150 spatio
2041 3087 2185 3132 teme
2205 3085 2312 3130 tres
2330 3078 2479 3129 Vatt·

1264 3205 1486 3256 NOTAE

1421 3298 1651 3364 Cinyphe.
1689 3295 1937 3360 Cinyphis,
1960 3292 2043 3342 vel
2069 3288 2326 3354 Cinyphos,
2348 3285 2488 3335 inter

1420 3376 1549 3426 duas
1582 3376 1766 3440 Syrtes
1788 3373 1840 3421 in
1868 3371 2002 3421 colle
2026 3367 2308 3431 gratiarum
2325 3360 2486 3411 nasci-

272 3303 428 3362 atque
451 3295 689 3346 imminui
712 3297 1002 3347 videbatur.

335 3371 539 3435 Defuit]
590 3373 902 3425 Theodosius
938 3390 1041 3425 non
1074 3374 1200 3426 vicit
1231 3375 1341 3426 Gil-

268 3448 474 3513 donem,
497 3465 561 3500 ac
597 3450 815 3514 proinde
848 3451 964 3501 haec
988 3450 1208 3501 victoria
1227 3451 1341 3516 ejns

271 3524 521 3576 felicitati
547 3525 726 3578 defuit.

334 3608 368 3653 6
404 3603 532 3653 Nati
569 3603 770 3667 virtute]
825 3605 1088 3655 Honorius
1128 3619 1229 3654 non
1266 3604 1340 3653 in-

270 3680 459 3730 terfuit
482 3681 602 3731 huic
645 3682 801 3745 bello,
839 3683 930 3733 sed
971 3682 1162 3733 bellum
1196 3683 1342 3749 hujus

273 3758 519 3822 auspiciis
544 3773 573 3806 a
589 3758 871 3809 Stilichone
894 3767 1094 3824 gestum
1118 3767 1214 3810 est.

338 3839 369 3884 8
407 3837 677 3885 Cunctator
708 3836 916 3900 credere]
973 3837 1087 3886 Etsi
1126 3836 1346 3888 victoria

276 3913 341 3960 de
373 3911 600 3962 Gildone
637 3911 778 3960 clara
800 3918 895 3975 est,
918 3918 1087 3963 tamen
1110 3921 1218 3964 tam
1253 3914 1344 3963 ad·

277 3987 526 4038 mirabilis
567 3994 669 4049 est,
708 3994 814 4037 tam
848 3989 1036 4054 subita,
1072 3998 1231 4057 atque
1268 3991 1345 4040 in·

283 4073 508 4130 sperata,
532 4071 592 4114 ut
610 4064 847 4115 dubitem
869 4067 986 4117 huic
1008 4068 1244 4118 credere.

344 4143 497 4192 Tanto
515 4142 647 4206 voto]
693 4141 876 4192 Tantis
893 4143 1124 4193 victoriis
1140 4159 1207 4193 ex
1226 4150 1345 4195 voto

283 4234 370 4269 seu
400 4234 469 4269 ex
507 4218 767 4269 desiderio
806 4221 1241 4286 contingentibus,
1265 4223 1347 4272 vel

285 4297 362 4347 ita
381 4297 709 4351 desideratis.

349 4381 381 4426 9
416 4376 698 4442 Cinyphias]
765 4375 1057 4443 Africanas,
1106 4394 1137 4429 a
1192 4376 1350 4429 fluvio

1422 3459 1522 3517 tur,
1546 3459 1682 3502 teste
1719 3449 2015 3506 Herodoto,
2039 3449 2097 3493 et
2129 3441 2345 3506 grandes
2381 3436 2486 3486 hir·

1421 3544 1511 3581 cos
1551 3529 1665 3593 alit,
1704 3527 1869 3577 dictos
1930 3522 2051 3574 inde
2099 3517 2363 3582 ciniphios,
2403 3513 2488 3564 vel

1425 3605 1699 3670 Cinyphias.

1488 3688 1549 3733 11
1607 3680 1792 3744 Hoesit]
1865 3676 2145 3741 Virgilius:
2199 3672 2215 3700 ‘
2240 3668 2489 3720 Hectoris

1423 3759 1703 3826 AEneaeque
1718 3771 1873 3807 manu
1891 3747 2111 3805 victoria
2130 3748 2347 3800 Graium
2363 3746 2489 3798 Hae-

1425 3836 1530 3900 sit,'
1552 3839 1651 3886 διο.

1490 3914 1657 3978 Spatio
1684 3908 1850 3973 terroe]
1902 3907 2124 3958 Poterat
2158 3902 2295 3953 enim
2332 3901 2489 3971 Gildo

1423 3992 1479 4041 in
1503 3991 1750 4040 immensa
1783 3986 1977 4036 Africae
2021 3983 2190 4049 spatia
2222 3979 2493 4042 recedere,

1426 4070 1605 4133 sicque
1621 4067 1815 4117 bellum
1838 4063 2157 4129 producere:
2191 4057 2247 4107 id
2260 4052 2496 4107 ne‘fieret

1424 4146 1643 4195 Stilicho
1706 4143 1837 4192 mira
1895 4137 2174 4206 prudentia
2225 4133 2493 4204 providit:

1428 4223 1514 4272 vel
1554 4220 1727 4286 potius
1763 4217 1929 4282 spatio
1961 4222 2136 4277 terrae,
2156 4212 2210 4262 id
2244 4219 2324 4262 est
2358 4211 2496 4260 loco·

1428 4313 1543 4348 rum
1567 4295 1831 4345 distantia.

1497 4378 1558 4424 12
1592 4370 1926 4436 congressum]
1972 4367 2114 4419 Mira
2145 4364 2377 4416 victoriae
2411 4376 2493 4413 ce-
