2925 4928
901 404 980 455 m
1033 400 1150 454 ου.
1197 402 1742 458 emporitana.
2333 388 2423 459 49

251 547 708 633 copulatorum,
758 549 1317 614 continuationem
1361 548 1843 631 devolvuntur-3
1916 550 2116 624 modo
2186 550 2422 619 eadem

247 673 337 720 res
362 653 483 731 bis,
529 659 647 731 ter,
696 652 1021 717 interdum
1058 656 1288 736 quater
1317 651 1454 717 alia
1482 654 1946 721 sententiarum
1990 654 2423 724 conversione

248 756 504 841 aliisque
547 758 775 822 verbis
828 757 1144 821 iteratur:
1187 755 1306 821 sed
1368 758 1683 821 membris
1734 759 2046 837 concisis,
2100 760 2424 845 nullaque

248 850 644 944 copulatione
680 860 960 944 junctis,
1020 866 1093 924 ut
1137 860 1205 924 in
1266 879 1523 924 summa
1568 861 1832 925 dicendi
1888 863 2096 947 eopia·
2149 866 2421 948 species

245 963 449 1047 aliqua
473 963 818 1029 brevitatis
847 962 1252 1028 ostendatur.
1342 962 1677 1027 Interdum
1711 984 1842 1029 nou
1869 968 2170 1033 membra
2197 970 2421 1036 solum

244 1068 555 1145 membris,
587 1067 710 1132 sed
727 1068 935 1133 verba
954 1067 1156 1132 etiam
1174 1066 1396 1132 verbis
1417 1068 1819 1153 respondent
1840 1089 1858 1151 3
1881 1072 2432 1158 concinnitasque

245 1190 355 1235 non
381 1170 618 1255 sponte
663 1171 916 1249 oblata,
959 1171 1078 1236 sed
1118 1171 1375 1237 curiose
1405 1169 1706 1255 quaesita,
1738 1180 2056 1257 apparet:
2117 1176 2189 1239 id
2233 1179 2421 1260 quod

242 1275 480 1339 omnino
540 1272 834 1340 indolem
874 1275 1201 1339 sermonis
1259 1274 1643 1359 panegyrici
1701 1272 2017 1356 ostendit,
2077 1297 2227 1360 quae
2285 1299 2421 1346 non

241 1380 431 1443 solum
477 1380 550 1442 in
580 1380 801 1445 Plinio
821 1379 1113 1463 juniore,
1161 1377 1280 1442 sed
1325 1377 1528 1442 etiam
1571 1378 1828 1455 inillis,
1874 1381 1993 1464 qui
2020 1398 2173 1444 eum
2203 1383 2420 1450 secuti

238 1482 390 1562 sunt,
417 1482 941 1566 deprehenditur,
982 1487 1051 1555 et
1090 1482 1401 1547 remansit
1441 1482 1511 1545 in
1540 1481 1946 1546 carminibus
1973 1486 2421 1570 panegyricis,

238 1591 301 1650 ut
335 1586 439 1650 vel
479 1607 572 1650 ex
615 1586 745 1651 hoc
800 1588 1048 1652 fontem
1102 1584 1457 1669 agnoscas,
1501 1584 1680 1650 unde
1736 1582 1854 1661 illa
1898 1590 2048 1651 sunt
2096 1589 2427 1657 derivata.

238 1682 781 1773 Frequentissime
822 1688 1171 1755 occurrunt
1211 1690 1365 1755 duae
1408 1690 1920 1767 enuntiationeS,
1962 1690 2239 1756 eandem
2269 1712 2420 1759 sen·

235 1795 485 1858 tentiam
513 1796 1056 1879 complectenteS,
1089 1812 1392 1878 quarum,
1428 1793 1611 1876 quod
1656 1788 1864 1856 altera
1890 1810 2012 1876 per
2049 1794 2424 1861 affirmatio-

234 1914 363 1967 nem
398 1898 762 1981 expressit,
810 1898 1019 1962 altera
1068 1914 1190 1981 per
1232 1897 1647 1977 negationem
1690 1895 1872 1960 effert
1901 1900 2188 1962 numeris
2219 1900 2423 1981 priori

235 1999 648 2082 respondens,
741 1998 853 2064 Ad
903 2016 1316 2064 communem
1357 2014 1690 2076 versuum,
1733 1998 1978 2082 quibus
2010 1999 2420 2066 Claudianus

235 2102 437 2180 utitur,
459 2103 761 2167 indolem
788 2103 1060 2182 referaS,
1092 2104 1535 2187 quod‘graves
1562 2106 1735 2181 sunt,
1761 2107 1829 2167 et
1857 2105 2077 2169 sonori
2107 2111 2172 2169 et
2201 2106 2422 2190 splen-

236 2203 353 2269 didi
377 2227 394 2286 ;
416 2224 554 2271 non
597 2226 861 2290 semper
895 2204 1165 2289 quidem
1193 2210 1377 2270 tanta
1400 2210 1535 2269 arte
1562 2204 1730 2271 inter
1755 2225 1827 2270 se
1858 2207 2174 2285 contexti,
2208 2227 2420 2290 quan-

235 2313 353 2375 tam
385 2310 454 2373 in
498 2308 789 2394 Virgilio
827 2310 1249 2387 admiramur,
1281 2309 1482 2393 cujus
1512 2308 1905 2392 rhythmicae
1933 2306 2244 2374 versuum
2268 2330 2422 2376 con-

236 2412 618 2479 tinuationes
652 2413 801 2498 Jure
842 2412 1160 2498 putandae
1216 2417 1371 2477 sunt
1413 2412 1717 2494 attigisse
1746 2431 2025 2489 summa,
2057 2408 2323 2498 adquae
2354 2417 2424 2481 in

233 2517 334 2583 illo
377 2518 667 2584 artificio
701 2518 924 2603 possit
971 2518 1324 2602 perveniri.
1413 2516 1600 2580 Huic
1630 2524 1852 2588 autem
1881 2517 1978 2580 rei
2010 2516 2422 2583 Claudianus

236 2625 533 2706 temporis
574 2622 908 2706 angustiis
937 2619 1256 2686 exclusus
1283 2640 1419 2684 non
1446 2636 1598 2684 eam
1628 2623 1892 2703 poterat
1915 2635 2139 2684 curam
2163 2621 2422 2704 impen-

235 2725 390 2804 dere,
417 2744 556 2809 qua
590 2724 920 2806 Virgilius
966 2724 1265 2789 carmina
1293 2723 1420 2787 sua
1441 2715 1830 2807 perpolivitss
1916 2719 2135 2800 Quam
2163 2723 2415 2794 limatae

234 2834 431 2893 autem
477 2847 683 2893 aures
728 2830 939 2894 nostri
966 2827 1193 2913 poetae
1241 2827 1506 2905 suerint,
1547 2835 1619 2891 et
1649 2845 1848 2910 quam
1879 2827 2146 2908 elegans
2176 2827 2320 2911 ipse
2348 2829 2420 2893 in

236 2925 527 2999 versuum
557 2934 1078 3010 constructione,
1108 2933 1326 2998 multa
1350 2932 1507 2997 loca
1535 2928 1920 3010 ostendunt3
1963 2929 2273 3013 ‘inprimis
2313 2952 2418 3012 ea,

236 3035 334 3100 ubi
360 3055 671 3101 versuum
699 3053 1008 3100 numerus
1038 3035 1129 3099 ad
1159 3035 1469 3099 sensuum
1496 3039 1562 3097 et
1595 3033 1816 3098 rerum
1840 3033 2160 3098 rationem
2189 3040 2425 3100 attem-

236 3143 484 3221 peratus
529 3137 1059 3223 deprehenditur.
1149 3136 1309 3202 Non
1338 3142 1438 3201 est
1476 3137 1701 3221 igitur,
1757 3136 1937 3218 quod
1966 3135 2311 3220 negemuS,
2356 3140 2427 3204 in

238 3239 495 3307 artificio
521 3242 795 3327 poetico
841 3241 1280 3307 Claudianum
1330 3239 1543 3305 fuisse
1583 3241 1880 3306 maxime
1925 3243 2369 3307 exercitatum
2402 3262 2421 3323 ;

240 3346 363 3424 sed,
420 3348 478 3410 si
528 3346 648 3409 ille
698 3346 858 3410 nihil
886 3351 1133 3429 praeter
1175 3345 1598 3429 panegyrica,
1646 3351 1716 3408 et
1765 3346 2029 3428 epicum
2073 3339 2236 3408 illud
2283 3364 2428 3410 car-

238 3466 389 3528 men,
433 3449 625 3535 quod
653 3449 739 3514 de
766 3456 965 3532 raptu
995 3449 1418 3533 Proserpinae
1443 3453 1546 3511 est
1569 3447 1989 3530 inscriptum,
2019 3447 2424 3529 reliquisset,

239 3552 642 3618 nihilominus
682 3559 911 3616 tamen
952 3572 1087 3617 non
1114 3553 1329 3635 magis
1376 3553 1701 3635 genuinus
1747 3550 2087 3634 Calliopes
2116 3550 2434 3615 alumnus⁴

239 3662 392 3720 esset
415 3657 787 3735 habenduS,
841 3669 1042 3739 quam
1088 3653 1351 3721 Seneca
1389 3658 1684 3738 tragicus
1737 3654 2021 3731 Thaliae,
2053 3656 2319 3719 etiamsi
2358 3655 2427 3718 in

242 3755 504 3843 dialogis
573 3759 780 3844 hujus
853 3760 1161 3841 spiritum
1226 3751 1575 3840 tragicum,
1629 3765 1696 3822 et
1754 3758 1821 3820 in
1871 3757 2094 3821 choris
2141 3757 2427 3842 lyricam
2532 3792 2540 3799 ·

242 3862 631 3945 majestatem
654 3875 805 3925 ‘non
853 3875 1257 3945 magnopere
1303 3860 1667 3925 desidereS.
1775 3859 1884 3922 Ex
1932 3860 2160 3943 parvis
2206 3863 2427 3923 autem

244 3964 623 4046 quibusdam
654 3965 1085 4051 carminibuS,
1113 3971 1424 4048 utsupra
1450 3961 1849 4041 monuimus,
1895 3967 2035 4040 tuto
2064 3980 2427 4046 possumus

246 4068 562 4152 colligere,
594 4067 958 4136 Claudiani
997 4070 1330 4152 ingenium
1363 4068 1622 4132 meliori
1673 4073 1969 4150 tempore
2020 4064 2234 4128 fuisse
2285 4059 2430 4148 dig-

246 4186 414 4252 num3
445 4171 811 4256 gloriaeque
841 4187 985 4238 suae
1005 4167 1187 4256 apud
1218 4176 1523 4255 posteros
1550 4171 1700 4235 eum
1729 4170 1965 4234 melius
1993 4166 2436 4245 consuluisse,

249 4268 297 4333 si
328 4293 576 4344 vacuus
606 4295 653 4344 a
679 4275 863 4340 curis
886 4281 972 4341 *et
991 4277 1173 4360 vulgi
1216 4293 1493 4347 securus
1519 4275 1616 4339 'in
1661 4269 1865 4340 antris
1908 4269 1990 4337 et'
2022 4268 2429 4336 umbraculis

367 4387 538 4456 οιιριι.
561 4399 608 4444 et
637 4394 755 4445 να.
783 4396 912 4445 σιω.
1327 4395 1497 4446 cta-a.
1781 4417 1782 4420 =
2243 4387 2296 4437 D
2353 4366 2365 4376 '
