2925 4928
481 379 569 446 9⁰

485 535 621 619 Qui
652 538 855 622 spiris
883 542 1134 621 tegeret
1163 544 1453 616 monteS,
1485 536 1782 601 hauriret
1809 535 2000 604 hiatu

571 641 903 718 Flumina,
932 642 1315 723 sanguineis
1348 646 1651 722 tangeret
1679 646 1860 704 astra
1877 639 2095 725 jubis:

485 743 530 809 J
535 764 643 809 am
673 745 843 808 liber
876 743 1216 807 Parnasus
1247 750 1417 819 erat,
1448 762 1771 826 nexuque
1800 743 2029 806 soluto
2083 814 2101 822 ‚
2661 750 2714 808 ἑ)

572 847 891 929 Coeperat
916 854 1144 910 erecta
1173 865 1432 927 surgere
1464 844 1699 909 fronde
1727 863 1991 909 nemus.

487 947 996 1032 Concussaeque
1028 948 1141 1014 diu
1174 950 1501 1032 spatiosis
1530 948 1864 1012 tractibus
1894 946 2038 1010 orni

572 1050 860 1115 Securas
890 1052 1110 1114 ventis
1140 1051 1533 1133 explicuere
1568 1069 1826 1116 comas.

1216 393 1331 441 ct..
1377 390 1810 442 CLAUDIAM
1862 391 1941 440 11.

484 1239 642 1285 monte
682 1233 925 1284 Cirrhoeo:
957 1233 1039 1296 qui
1072 1232 1279 1296 Python
1317 1233 1524 1296 operiret
1555 1239 1737 1283 montes
1762 1233 1994 1298 flexibus,
2029 1231 2295 1282 absorberet
2326 1231 2504 1298 fluvios
2531 1233 2708 1283 hianti

488 1307 720 1360 gutture,
742 1299 1002 1360 attingeret
1024 1298 1207 1349 Coelum
1242 1298 1404 1347 cristis
1430 1298 1703 1347 rubicundis
1717 1315 1734 1348 .·
1779 1300 2045 1348 Parnassus
2066 1297 2173 1358 jam
2214 1302 2319 1347 erat
2360 1298 2610 1361 liberatus,
2653 1305 2708 1348 et

487 1364 684 1415 vinculis
701 1366 910 1427 remotis,
932 1365 1063 1427 sylva
1083 1364 1324 1426 inceperat
1344 1377 1593 1424 assurgere
1602 1364 1745 1425 foliis
1764 1364 1923 1427 elatis,
1961 1368 2008 1412 et
2030 1363 2137 1412 orni
2156 1367 2385 1427 quassatae
2407 1363 2706 1425 jamdudum

1413 1522 1767 1542 OOOOOOOOOOO

492 1623 677 1673 Petav.
705 1629 828 1673 tert.
850 1621 938 1688 qui
958 1628 1013 1672 et
1027 1622 1150 1685 jugo
1171 1622 1443 1675 habete-3
1472 1621 1607 1683 Rogo
1624 1635 1785 1685 marg.
1807 1620 1999 1685 Isingr.
2026 1622 2150 1678 Quis
2170 1621 2321 1671 Leid.
2344 1636 2447 1672 sec.
2470 1635 2502 1670 a
2517 1635 2588 1670 m.
2611 1635 2702 1685 pr.

489 1703 606 1739 cum
630 1688 1044 1751 interrogationis
1068 1692 1208 1737 nota.
1267 1688 1336 1735 Et
1361 1688 1440 1735 vel
1468 1687 1567 1742 Qui
1590 1685 1737 1735 Leid.
1774 1702 1851 1750 pr.
1890 1687 2043 1751 spinis
2065 1688 2186 1737 Ver.
2212 1687 2382 1737 Lectt.
2418 1685 2502 1736 ed.
2527 1685 2702 1736 Antv.

489 1758 669 1815 tegeret
689 1755 831 1816 spiris
867 1755 1020 1802 Farn.
1044 1753 1226 1802 PetaV.
1255 1755 1479 1801 terh—4
1514 1756 1732 1813 tangeret
1770 1757 1903 1800 astra
1942 1753 2042 1803 duo
2073 1754 2195 1802 Vat.
2230 1752 2346 1802 Pal.
2387 1752 2532 1802 Rott.
2567 1752 2701 1800 Pat.

489 1817 671 1867 Ambr.
696 1825 815 1868 tert.
843 1819 1036 1868 Moret.
1063 1832 1167 1867 sec.
1186 1817 1273 1882 qui
1296 1824 1351 1866 et
1372 1817 1587 1878 cingeret
1609 1817 1781 1879 habet,
1813 1818 1945 1866 Exc.
1974 1817 2109 1867 Laeti
2133 1824 2188 1867 et
2207 1816 2298 1866 lib.
2338 1817 2560 1866 Lucens.
2593 1815 2702 1872 tin-

485 1888 622 1946 geret
647 1884 845 1932 Bonon.
873 1884 1006 1946 Reg.
1023 1884 1196 1933 Oxou.
1222 1897 1328 1931 sec.
1347 1882 1545 1930 Thuan.
1583 1878 1731 1930 Leid.
1753 1882 1871 1943 duo,
1891 1881 2072 1932 Ambr.
2094 1881 2217 1946 duo,
2232 1881 2421 1931 PetaV.
2440 1896 2545 1931 sec.
2563 1881 2705 1930 Tho-

488 1948 584 1996 los.
607 1949 758 1997 Farn.
790 1947 906 1997 Ald.
928 1948 1010 1997 ed.
1034 1949 1206 1997 Vicet.
1232 1948 1362 1995 Exc.
1391 1947 1608 1996 Gevart.
1632 1947 1755 1994 Var.
1782 1948 1953 1996 Lectt.
1975 1945 2058 1997 ed.
2082 1945 2240 1996 Antv.
2271 1947 2481 2008 cingeret
2497 1945 2697 1995 Sched.

491 2012 631 2063 Gud.
656 2014 864 2074 tingeret
886 2013 967 2061 vel
990 2017 1210 2074 tangeret
1232 2012 1352 2060 Vat-
1376 2012 1544 2076 quint.
1568 2011 1718 2060 ambo
1741 2012 1931 2062 Moret.
1967 2017 2177 2074 tergeret
2209 2012 2293 2060 vel
2327 2016 2545 2073 tangeret
2564 2011 2698 2060 Vnt.

490 2085 662 2142 quart.
686 2082 920 2141 tangeret,
941 2079 1148 2139 tingeret
1171 2076 1253 2124 vel
1291 2080 1502 2138 tergeret
1538 2076 1712 2124 Oxou.
1754 2091 1833 2139 pr.
1876 2076 2014 2142 quod
2052 2076 2266 2126 Heinsio
2304 2075 2597 2139 probatum.
2639 2075 2699 2124 in

492 2143 620 2192 Lov.
642 2147 773 2191 erat.
793 2177 807 2189 .
825 2177 838 2192 .
859 2147 1040 2204 guent
1067 2146 1201 2191 astra
1232 2146 1289 2189 et
1320 2145 1343 2188 t
1377 2138 1650 2189 videbatur
1689 2141 1946 2201 deletum3
1982 2141 2101 2191 dein
2126 2143 2265 2191 inter
2288 2142 2448 2189 lineas
2471 2145 2701 2202 tangeret

490 2207 833 2320 missas.
846 2205 1390 2321 mmm
1430 2203 2589 2333 *itiff‘tazssffi'iff-sssss‘·›¹⁰533'25'ffib·..i-¹·
2616 2204 2699 2318 ἐξ

490 2336 666 2400 posuit
687 2342 1028 2398 taguma—5
1068 2336 1305 2385 Parnasus
1326 2285 1456 2385 Logvu
1474 2286 1626 2384 Leidt.¹
1645 2335 1766 2400 duo,
1801 2337 1950 2385 ambo
1971 2337 2164 2385 Moret.
2188 2336 2312 2397 Put.
2344 2334 2532 2384 Petav.
2570 2340 2704 2397 tres,

492 2402 622 2466 Reg.
643 2402 838 2450 Thuan.
865 2400 1115 2450 Mazarin.
1141 2402 1368 2450 Florent.
1394 2399 1516 2449 Ald.
1540 2402 1689 2449 soluto
1712 2401 1793 2450 vel
1816 2402 2013 2450 solutum
2035 2402 2226 2450 Moret.
2253 2415 2331 2464 pr.
2351 2401 2551 2448 solutum
2570 2398 2700 2462 legit

492 2467 755 2517 Heinsius.
778 2469 980 2517 solutum
1012 2467 1129 2516 cod.
1156 2467 1340 2515 Barth.
1366 2466 1419 2514 in
1444 2466 1794 2529 margine.—6
1826 2474 1989 2531 erepta
2012 2468 2198 2516 Petav.
2226 2471 2446 2516 tert—‘7
2478 2464 2703 2529 spatiosis

492 2533 576 2583 vel
592 2532 848 2598 squamosis
867 2532 990 2584 Vat.
1017 2539 1127 2598 opt.
1155 2532 1397 2593 flactibus
1416 2532 1498 2580 vel
1525 2530 1783 2591 frondibus
1805 2533 1925 2582 Put.
1956 2532 2210 2593 frondibus
2230 2529 2376 2580 Med.
2416 2546 2522 2581 sec.
2563 2545 2595 2580 a
2624 2545 2694 2579 m.

1483 2693 1697 2744 NOTAE

496 2816 586 2879 rit,
603 2822 659 2866 et
675 2817 883 2883 Consul,
901 2824 957 2868 et
975 2824 1118 2881 tutor
1138 2817 1352 2869 Arcadii
1375 2833 1406 2867 a
1425 2818 1557 2887 'Phe-

495 2892 675 2943 odosio
716 2902 865 2957 patre
908 2894 1225 2959 designatus.
1296 2896 1401 2946 Hic
1435 2894 1557 2945 Ala·-

495 2969 661 3019 ricum
727 2969 1013 3019 Gothorum
1059 2973 1256 3035 Regem
1296 2972 1362 3020 ad
1415 2986 1559 3020 arma

497 3045 754 3109 capienda
807 3047 1121 3107 solicitavit3
1172 3053 1234 3097 ut
1269 3054 1359 3097 aut
1400 3047 1559 3111 bello,

497 3129 589 3172 aut
607 3122 726 3171 dolo
753 3121 1033 3174 Arcadium
1055 3124 1304 3188 pupillum
1330 3123 1560 3186 tolleret,

496 3198 835 3263 Orientisque
900 3199 1182 3262 Imperium
1259 3205 1557 3263 occuparet.

495 3271 712 3324 Stilicho
740 3275 804 3324 ab
843 3273 1027 3324 eodem
1060 3274 1357 3326 Theodosio
1384 3275 1559 3325 Hono·

496 3350 562 3399 rii
585 3352 802 3400 alterius
835 3350 929 3400 filii
963 3358 1100 3400 tutor
1141 3351 1375 3413 relictuS,
1421 3350 1559 3400 frau-

498 3427 614 3477 dem
633 3428 858 3491 detexit,
884 3427 1121 3477 Rufinum
1143 3443 1260 3478 cum
1284 3428 1435 3477 sociis
1456 3426 1563 3477 fac-

495 3503 651 3553 tionis
673 3504 953 3570 oppressit,
979 3504 1190 3570 ejusque
1213 3514 1373 3570 caput
1397 3506 1559 3555 hastae

496 3580 632 3647 affigi
647 3584 827 3647 jussit.

561 3668 601 3726 1,
627 3664 843 3728 Python]
905 3665 1132 3728 Serpens
1153 3671 1269 3713 erat
1300 3663 1555 3726 immanis,

496 3746 647 3790 natus
671 3747 790 3802 post
828 3740 1078 3789 diluvium
1119 3742 1557 3803 Deucalioneum3

499 3820 665 3864 totum
690 3815 869 3863 orbem
893 3816 1192 3878 infestabat,
1224 3817 1317 3866 sed
1350 3818 1558 3882 sagittis

497 3891 757 3955 Apollinis
786 3890 1051 3946 confossus
1074 3899 1186 3952 est;
1220 3901 1274 3941 et
1306 3895 1426 3943 ideo
1451 3894 1559 3944 ludi

499 3968 679 4033 Pythii
723 3965 788 4015 ab
825 3967 937 4030 ipso
971 3967 1190 4016 instituti
1230 3969 1283 4017 in
1326 3969 1559 4019 victoriae

498 4049 901 4096 monumentum.
971 4044 1178 4106 Python
1219 4044 1312 4092 ἀπὸ
1354 4046 1440 4093 τοῦ
1475 4043 1560 4094 ‘irti-

498 4126 612 4186 θειν,
628 4119 942 4185 putresaeere,
973 4119 1207 4183 designat
1228 4121 1559 4185 putredinem
1579 4141 1582 4144 ’

502 4198 758 4265 quandam
779 4204 950 4258 mam
975 4210 1044 4246 ex
1075 4198 1218 4263 aquis
1241 4197 1440 4261 diluvii,
1461 4206 1560 4248 ter-

509 4290 697 4343 rasque
728 4274 1079 4340 infestantem,
1121 4276 1214 4327 sed
1248 4290 1366 4343 quae
1401 4276 1560 4329 radiis

1636 2818 1769 2868 Solis
1793 2818 2043 2883 dissipata
2067 2817 2298 2868 evanuit.

1698 2900 1730 2944 2
1767 2895 2008 2959 Cirr-neo]
2040 2895 2243 2958 Cirrha,
2259 2894 2398 2945 unde
2416 2893 2696 2955 Cirrhaeus,

1636 2981 1716 3023 est
1737 2973 1858 3023 urbs
1881 2972 2125 3022 Phocidis
2142 2971 2208 3021 ad
2229 2971 2458 3021 radicem
2476 2971 2695 3021 Parnas-

1636 3050 1702 3112 si,
1734 3050 1799 3099 ad
1823 3064 1974 3115 qnam
2014 3056 2206 3101 stratus
2244 3056 2326 3101 est
2354 3046 2580 3098 famosus
2607 3049 2694 3097 ille

1639 3128 1867 3191 Python.

1702 3208 1735 3253 3
1787 3202 1966 3267 Spiris]
2046 3203 2323 3253 Tractibus
2358 3209 2516 3267 atque
2559 3201 2695 3251 volu·

1640 3280 1867 3330 minibus
1922 3281 2139 3330 sinnosae
2181 3279 2388 3343 csudae,
2425 3279 2689 3345 totiusque

1640 3358 1892 3420 corporis.

1706 3439 1737 3484 4
1770 3432 2075 3497 sanguineis]
2109 3433 2313 3484 coloris
2334 3431 2496 3497 rubri,
2518 3437 2570 3481 et
2584 3445 2693 3482 san-

1640 3512 1847 3576 guinem
1872 3510 2146 3561 imitantis.

1704 3588 1869 3652 Jabis]
1937 3588 2135 3651 Cristis‚
2152 3601 2281 3653 quas
2305 3586 2510 3650 Poetae,
2524 3586 2621 3637 imo
2637 3592 2694 3638 et

1637 3668 1904 3726 Oratores,
1928 3664 2257 3730 serpentibus
2276 3663 2528 3714 tribuunt.
2571 3665 2586 3692 ‘
2602 3663 2691 3715 Ju-

1640 3743 1793 3793 batus
1817 3744 2024 3805 Draco,'
2056 3740 2250 3792 dicitur
2272 3756 2303 3790 a
2326 3740 2597 3791 Cicerone.

1665 3821 1668 3824 ’
1703 3825 1733 3869 6
1792 3819 2056 3884 Parnasus]
2122 3820 2275 3869 Mons
2324 3818 2583 3882 Phocidis,
2621 3816 2689 3868 A·

1640 3897 1823 3960 pollini
1846 3904 1900 3945 et
1924 3897 2088 3947 Musis
2113 3911 2282 3959 sacer,
2314 3911 2469 3961 quem
2487 3893 2690 3960 serpens

1641 3971 1731 4021 ille
1755 3972 1998 4023 vexabat.

1708 4050 1939 4113 Neaeuque
1972 4049 2144 4111 soluto]
2211 4048 2485 4098 Dissolutis
2527 4062 2587 4097 ac
2614 4061 2686 4097 re·

1638 4127 1793 4174 motis
1822 4127 2081 4190 serpentis
2118 4131 2286 4173 morte
2321 4119 2559 4184 flexibus,
2589 4122 2689 4188 qui·

1641 4200 1735 4250 bus
1755 4202 1900 4250 velut
1920 4200 2141 4251 vinculis
2178 4196 2542 4262 pestiferisque
2557 4198 2685 4252 nesi·

1642 4277 1737 4327 bus
1761 4277 2084 4343 implicabat,
2106 4282 2161 4328 et
2181 4275 2399 4327 vitiabat
2419 4274 2640 4330 arbores.
