2925 4928
435 372 568 443 190
1208 387 1325 440 οι..
1371 342 1804 443 cunnum
1851 389 1923 439 v.

436 533 861 601 Deveniunt:
905 531 1005 602 ibi
1033 533 1216 602 nulla
1241 541 1507 601 manent
1532 536 1925 602 discrimina
1951 536 2096 619 fati,

438 646 684 713 Nullus
711 647 955 712 honos:
1002 665 1309 731 vanoque
1336 652 1615 710 exutum
1644 643 1911 710 nomine
1941 644 2198 729 Regem
2504 637 2646 708 47⁶

438 749 797 817 Proturbat
821 750 1125 833 plebeius
1153 771 1370 835 egens,
1464 749 1810 829 Quaesitor
1836 750 1906 812 in
1935 749 2071 814 alto

437 851 861 939 Conspicuus
891 854 1062 918 solio
1094 859 1415 938 pertentat
1445 855 1720 918 crimina
1750 854 2009 931 Minos,

435 954 525 1019 Et
545 957 747 1040 justis
778 957 1027 1022 dirimit
1055 963 1294 1022 sontes.
1385 957 1576 1036 Quos
1604 958 1782 1021 nolle
1809 955 2010 1022 fateri

435 1056 721 1137 Viderit,
754 1059 838 1124 ad
866 1060 1060 1143 rigidi
1091 1061 1475 1125 transmittit
1506 1061 1779 1124 verbera
1807 1059 2051 1123 fratris.
2189 1114 2192 1117 .

437 1160 620 1226 Nam
639 1163 841 1246 juxta
872 1163 1417 1228 Rhadamanthus
1443 1164 1605 1246 agit.
1692 1161 1867 1227 Cum
1895 1149 2078 1245 gesta
2103 1159 2374 1245 superni
2512 1157 2657 1225 480

434 1261 787 1343 Curriculi,
816 1271 1124 1348 totosque
1154 1265 1271 1329 diu
1299 1265 1711 1350 perspexerit
1740 1272 1976 1346 actus3
2437 1289 2442 1293 ·

435 1473 595 1523 rencia
611 1474 772 1532 sortis,
792 1475 920 1523 nulla
936 1475 1095 1536 gloria
1110 1492 1130 1534 ‚-
1163 1479 1212 1524 et
1229 1490 1408 1540 pauper
1424 1474 1635 1539 plebeius
1653 1475 1841 1540 repellit
1863 1474 2048 1538 Regem
2066 1473 2320 1538 spoliatam
2338 1473 2480 1524 titulo
2499 1470 2653 1523 inani.

439 1539 608 1588 Minos
651 1539 903 1602 inquisitor
952 1541 1223 1602 spectabilis
1258 1541 1309 1589 in
1357 1541 1588 1590 tribunali
1624 1542 1805 1591 excelso
1840 1541 2084 1590 examinat
2117 1542 2311 1600 scelera,
2364 1554 2421 1588 ac
2464 1541 2657 1602 separat

435 1608 650 1655 nocentes
671 1619 701 1652 a
719 1604 866 1666 bonis,
907 1612 1064 1669 atque
1086 1605 1316 1664 transfert
1335 1607 1397 1654 ad
1413 1605 1620 1669 flagella
1653 1606 1835 1666 fratris
1869 1606 1951 1654 sui
1971 1605 2121 1655 severi
2143 1620 2231 1654 eos
2253 1619 2364 1668 quos
2406 1603 2652 1668 aspexerit

434 1669 555 1717 nolle
574 1669 789 1734 confiteri
822 1675 1029 1733 peccata.
1098 1670 1294 1719 Etenim
1327 1686 1474 1735 prope
1502 1670 1732 1720 Μἰιιοὲιιι
1755 1676 1825 1720 est
1850 1671 2258 1732 Rhadamanthus,
2293 1668 2379 1734 qui
2397 1674 2651 1733 postquam

430 1734 732 1798 perpenderit
754 1735 897 1797 longa
917 1733 1061 1797 sacta
1081 1735 1197 1786 oitoe
1216 1750 1450 1800 superne,
1484 1741 1534 1786 et
1566 1752 1724 1786 omnes
1754 1736 1981 1800 actiones,
2013 1742 2171 1800 oeqnat
2186 1750 2372 1800 poenam
2391 1734 2568 1799 factis,
2601 1737 2653 1784 et

1367 1883 1663 1903 &teneone
1669 1884 1693 1902 O
1699 1883 1726 1902 O

430 1994 571 2046 Laeti
594 1999 650 2044 et
670 1993 895 2044 Lucens.
921 2009 1028 2045 sec.
1052 1994 1180 2059 fletu
1218 1995 1301 2044 vel
1323 1993 1488 2058 fluctu
1508 1995 1631 2044 Vat.
1669 2000 1796 2044 tert.
1831 1995 2026 2045 Moret.
2063 1995 2336 2042 sem—4⁷4
2368 1989 2646 2041 Deveniunt

431 2060 555 2110 Ald.
577 2059 650 2108 ibi
669 2060 854 2135 viginti
877 2061 1044 2111 Codd.
1083 2061 1210 2109 Exc.
1236 2061 1456 2112 Gevart.
1493 2066 1551 2109 et
1570 2061 1794 2109 aneus.
1830 2074 1938 2110 sec.
1975 2058 2067 2107 tibi
2092 2058 2208 2108 Pai.
2233 2057 2381 2106 Med.
2405 2070 2487 2121 pr.
2511 2070 2645 2106 unus

438 2125 624 2175 Heius.
660 2125 745 2174 ubi
767 2125 908 2175 Prie.
932 2126 1019 2175 ed.
1053 2125 1231 2175 Parm.
1252 2125 1423 2176 Vicet.
1464 2125 1612 2175 Junt.
1636 2124 1825 2188 Isingr.
1847 2124 2015 2175 Colin.
2041 2123 2242 2188 Gryph.
2268 2121 2490 2186 Raphel.
2515 2119 2651 2182 facti

435 2188 646 2255 profati
669 2190 814 2241 Med.
837 2205 940 2241 sec.
963 2192 1087 2240 Vat.
1131 2195 1256 2240 tert.
1292 2205 1363 2239 m.
1404 2188 1646 2253 piu-44⁷5
1680 2190 1829 2239 honor
1867 2189 1971 2239 duo
1993 2189 2121 2239 Vat.
2160 2189 2277 2237 Pal.
2316 2188 2470 2237 Farn.
2506 2186 2654 2239 honos

436 2261 641 2319 septem
665 2255 752 2304 alii
773 2263 827 2304 et
849 2256 977 2305 Exe.
1016 2256 1236 2305 Lucens.
1269 2270 1376 2305 sec.
1407 2254 1630 2317 varioque
1652 2255 1863 2305 Tholos.
1897 2255 2106 2305 excitum
2131 2255 2214 2302 vel
2234 2256 2430 2302 emitum
2453 2252 2527 2301 Re
2567 2276 2656 2301 .-—·

433 2324 537 2371 476
565 2319 828 2369 Protnrbat
849 2321 971 2370 Vat.
993 2335 1075 2386 pr.
1100 2328 1156 2370 et
1176 2327 1301 2370 tert.
1321 2321 1447 2370 item
1471 2318 1653 2370 Ambr.
1677 2335 1783 2371 sec.
1808 2320 2069 2369 Perturbat
2093 2319 2279 2382 reliqui
2302 2331 2500 2379 omnes,
2575 2316 2650 2366 ld.

438 2384 522 2435 ed.
546 2384 722 2435 Parm.
744 2392 800 2435 et
821 2382 996 2435 Vicet.
1036 2386 1311 2434 Proeturbat
1349 2387 1482 2435 Exc.
1523 2387 1744 2435 Lucens.
1785 2401 1888 2435 sec.
1930 2384 2164 2434 Phebeius
2183 2384 2307 2432 Vat.
2331 2388 2501 2447 quart.
2522 2383 2654 2432 Var-

433 2450 540 2501 LL.
563 2450 646 2501 ed.
669 2449 827 2501 Antv.
846 2450 1050 2515 plebeius
1074 2451 1157 2500 vel
1179 2451 1405 2516 quaesitor
1425 2450 1549 2501 Vat.
1588 2457 1712 2502 tert.
1742 2466 1883 2513 egens
1908 2451 1990 2500 vel
2012 2451 2156 2499 honor
2177 2448 2323 2500 Med.
2344 2462 2449 2497 sec.
2472 2445 2530 2497 ab
2551 2447 2651 2496 alto

434 2514 581 2566 Med.
607 2523 778 2580 quart.
798 2516 865 2565 ad
888 2531 1068 2566 vocem
1091 2517 1311 2580 qnoesitor
1331 2516 1466 2567 citat
1482 2514 1731 2566 Heinsius
1757 2516 2111 2580 Lindenbrog.
2136 2516 2188 2564 in
2210 2513 2461 2564 Ammian.
2488 2527 2541 2577 p.
2564 2515 2653 2562 22.

434 2585 596 2630 -477
635 2581 936 2645 conspiciens
971 2582 1088 2631 Pal.
1114 2581 1413 2645 Perspiciens
1447 2582 1569 2633 Vat.
1609 2596 1711 2632 sec.
1746 2586 1990 2645 pertentat
2029 2582 2112 2630 vel
2145 2584 2388 2645 permutat
2413 2578 2531 2641 Yat.
2568 2592 2656 2641 pr.

433 2650 692 2708 proetemat
716 2648 846 2710 Reg.
873 2648 994 2696 Pat.
1015 2648 1186 2696 Oxon.
1207 2662 1287 2711 pr.
1306 2646 1453 2697 Leid.
1477 2661 1558 2709 pr.
1582 2649 1775 2697 numina
1792 2647 2025 2696 Florent.
2043 2646 2236 2694 vulnera
2254 2644 2443 2693 incert.
2469 2642 2658 2694 Heius.

435 2714 599 2760 -478
634 2713 704 2762 Et
729 2712 810 2761 vel
838 2712 882 2760 E
891 2711 1044 2772 justis
1062 2713 1259 2762 Thuan.
1284 2713 1355 2761 Et
1383 2713 1587 2761 Bonon.
1610 2713 1730 2762 Pat.
1754 2716 1910 2760 sontes
1931 2711 2125 2760 dirimit.
2143 2711 2338 2758 Moret.
2366 2723 2443 2772 ρι’.
2469 2706 2657 2757 A‘mbr.

435 2780 712 2826 sem—4⁷9
751 2777 941 2826 Viderit
977 2779 1040 2826 ad
1077 2778 1231 2839 rigidi
1249 2777 1374 2827 Vet.
1399 2778 1528 2840 Gyr.
1568 2778 1695 2827 Exc.
1730 2776 1951 2825 Lucens.
1988 2789 2095 2824 sec.
2119 2775 2231 2824 duri
2251 2775 2373 2823 Vat.
2408 2773 2512 2822 se‘e.
2535 2771 2659 2821 saevi

435 2839 580 2890 Prie.
600 2841 726 2892 Put.
748 2844 811 2890 ad
828 2842 943 2890 soevi
961 2857 1073 2890 mox
1089 2841 1242 2891 mittit
1262 2842 1464 2891 Thuau.
1481 2841 1634 2903 rigidi
1653 2843 1780 2891 Exc.
1799 2841 1956 2891 Laeti.
1984 2839 2172 2890 Viderit
2189 2840 2251 2888 ad
2272 2840 2396 2887 mala
2414 2851 2526 2887 mox
2545 2844 2659 2886 tres

436 2904 562 2954 vat.
587 2907 703 2955 Pal.
728 2906 879 2955 Farn.
900 2907 1024 2955 Vat.
1062 2921 1142 2969 pr.
1167 2922 1234 2956 m.
1258 2921 1362 2956 sec.
1396 2905 1479 2956 Aa
1499 2908 1624 2954 mala
1645 2922 1756 2955 mox
1782 2940 1797 2954 .
1814 2941 1828 2955 .
1847 2941 1859 2955 .
1879 2940 1892 2954 .
1914 2904 2204 2954 transmittit
2227 2904 2354 2952 Vnt.
2377 2917 2458 2965 pr.
2483 2916 2553 2950 m.
2576 2916 2666 2965 pr.

437 2984 541 3019 vox
563 2985 666 3019 una
688 2969 762 3019 ibi
785 2970 995 3019 excidit.
1035 2973 1096 3019 aa
1116 2973 1241 3020 mala
1261 2971 1437 3020 viderit
1468 2972 1759 3021 transmittit
1782 2970 1945 3021 Oisel.
1981 2970 2063 3021 Aa
2087 2971 2212 3018 mala
2232 2983 2305 3018 me
2327 2966 2475 3016 vicini
2496 2972 2659 3017 trans-

432 3034 566 3084 misit
587 3035 782 3084 verbera
801 3036 969 3084 matris
990 3033 1137 3084 Med.
1172 3050 1276 3085 sec.
1298 3050 1367 3084 m.
1401 3050 1482 3097 pr.
1518 3036 1754 3099 permittit
1778 3036 1969 3085 Moret.
1991 3048 2069 3098 ρι’.
2093 3034 2392 3083 transmittat
2412 3032 2568 3081 Fam.
2589 3032 2659 3081 aa

389 3135 395 3142 .
432 3101 560 3149 mala
579 3116 692 3149 mox
714 3100 1051 3151 vicet—48⁰
1086 3100 1375 3160 Namjuxta
1396 3102 1523 3149 Var.
1557 3102 1661 3150 LL.
1689 3101 1773 3151 ed.
1800 3099 1962 3151 Antv.
1985 3102 2205 3162 congesta
2228 3098 2342 3147 Pal.
2364 3097 2510 3145 Prie.
2535 3095 2658 3145 Flo-

432 3170 565 3216 rent.
589 3172 695 3214 tres
719 3164 864 3216 Med.
885 3165 1009 3214 Var.
1034 3166 1139 3215 LL.
1162 3163 1247 3214 ed.
1269 3164 1431 3216 Antv.
1456 3164 1543 3214 ed.
1568 3166 1744 3216 Parm.
1767 3173 1825 3216 et
1846 3167 2019 3216 vicet.
2041 3165 2233 3227 Isingr.
2257 3162 2425 3213 Colin.
2443 3162 2556 3226 Gry
2595 3160 2652 3216 h.

431 3244 538 3283 cnm
553 3234 692 3293 gesta
713 3231 843 3296 Reg.
865 3231 988 3282 Put.
1010 3230 1210 3281 Thuan.
1233 3230 1429 3281 Mazar.
1452 3232 1655 3282 Bonon.
1678 3230 1891 3284 Tholos.
1914 3230 2060 3281 Med.
2082 3244 2187 3279 sec.
2210 3228 2313 3280 inc.
2336 3226 2521 3279 Heius.
2584 3229 2661 3278 uo'

1425 3344 1640 3396 NOTAE

435 3446 621 3514 functi,
647 3453 916 3500 merentur
948 3448 1141 3500 habere
1178 3448 1505 3500 vacationem
1585 3464 1742 3500 omnes
1758 3464 1915 3514 pares.

437 3531 495 3576 et
518 3524 766 3590 quietem.
819 3527 938 3577 Vox
973 3524 1285 3576 transfertur
1316 3527 1382 3576 ad
1412 3527 1504 3577 ho-
1648 3530 1744 3576 477
1780 3525 1969 3590 Minos]
2003 3525 2117 3575 Rex
2140 3524 2316 3575 Cretae
2341 3520 2543 3587 insula,
2572 3535 2660 3573 se·

437 3603 623 3667 mines,
659 3606 746 3667 qui
770 3603 892 3654 vitae
918 3602 1121 3668 officiis,
1156 3617 1251 3654 sen
1284 3603 1393 3656 vitu
1414 3603 1503 3654 de·
1584 3603 1809 3655 cundum
1854 3604 2060 3662 multos,
2100 3599 2237 3651 filius
2281 3598 2450 3661 Jovis,
2501 3598 2655 3664 cujus

434 3676 601 3729 functi
626 3688 763 3730 sunt.
1584 3680 1841 3746 colloquio
1856 3682 2001 3744 leges
2018 3677 2332 3742 scripserat:
2366 3681 2658 3727 tantumn

432 3801 437 3804 .
502 3757 941 3822 Mortaliasoecula]
981 3758 1247 3819 Homines,
1267 3758 1355 3823 qui
1372 3772 1503 3808 mor·
1575 3756 1797 3821 justitie
1833 3754 1972 3806 fama
1994 3754 2142 3816 vixit,
2179 3760 2240 3803 nt
2279 3758 2398 3816 post
2426 3757 2654 3802 mortem

432 3832 569 3882 tales
581 3842 730 3883 erant
754 3835 807 3883 in
825 3835 1043 3884 saeculo:
1068 3836 1245 3901 sicque
1263 3850 1357 3900 pro
1379 3850 1501 3886 eon-
1581 3831 1811 3882 creditus
1830 3832 1901 3882 sit
1913 3831 2081 3896 judex
2104 3829 2243 3895 apud
2261 3829 2467 3880 Inferos
2487 3827 2656 3881 fuisse

436 3912 588 3959 tento
610 3910 822 3973 ponitur
848 3912 1134 3960 continens.
1477 3951 1482 3955 .
1580 3911 1913 3960 constitutus.
1977 3908 2257 3972 Virgilius:
2332 3907 2350 3935 ⁴
2386 3908 2658 3959 Quaesitor
2711 3939 2714 3940 ν

501 3987 601 4037 474
635 3987 936 4036 Discrimina
940 3987 1068 4050 sati]
1116 3987 1248 4038 Post
1280 3994 1501 4039 mortem
1579 3985 1753 4035 Minos
1774 4000 1954 4035 urnam
1975 3984 2182 4048 movet‚’
2201 3988 2301 4035 ὅτε.

437 4065 631 4110 cuncta
673 4062 832 4124 psi-ia,
887 4064 1028 4110 uuna
1072 4071 1153 4111 est
1203 4061 1500 4114 differentia
1644 4066 1744 4112 479
1781 4063 1950 4126 Rigida·
1977 4061 2183 4125 fratris]
2250 4059 2658 4127 Rhadamanthij

436 4137 593 4187 sortis
614 4153 677 4189 ac
702 4140 983 4209 praeteritae
1007 4140 1334 4191 conditionis.
1398 4143 1500 4192 Lu·
1581 4141 1671 4206 qui
1706 4140 1858 4193 Jovis
1894 4155 1961 4189 ex
1991 4140 2203 4203 Europa
2237 4138 2393 4204 filius,
2431 4137 2569 4189 sicut
2589 4145 2650 4191 et

436 4210 644 4265 cimus:
696 4212 924 4276 ’ἰσοτιμία
966 4214 1016 4265 ἐν
1054 4212 1188 4280 ᾅδω),
1229 4214 1309 4264 καὶ
1350 4216 1502 4278 ὁμοῖοι
1580 4218 1775 4278 Minos,
1795 4230 1907 4266 esse
1932 4216 2252 4281 perhibetur.
2583 4211 2588 4214 ’
2664 4228 2667 4236 ’

428 4284 672 4343 ἅπαντας
703 4291 925 4357 AEqaalis
955 4292 1100 4345 honor
1136 4293 1189 4344 in
1224 4290 1414 4360 inferis,
1450 4298 1501 4345 et
1643 4297 1742 4347 480
1775 4290 2189 4357 Rhadamanthus]
2244 4290 2404 4348 Filius
2457 4289 2647 4345 itidem
