2925 4928
506 386 609 477 32
1336 426 1897 476 PROLEGOMENA

511 573 851 637 incassum
873 572 903 634 'l
973 569 1081 648 Et,
1117 571 1176 635 si
1220 576 1603 648 tentaverat,
1638 573 1817 654 quod
1854 577 2069 636 tamen
2097 591 2425 658 nusquam
2456 570 2726 655 signifi-

468 666 471 671 A
514 672 721 753 catur,
755 694 1042 758 quanam
1067 695 1136 737 re
1164 678 1383 739 motus
1407 673 1690 757 Jupiter,
1711 674 2040 757 siquidem
2072 676 2338 739 omnino
2367 674 2436 738 id
2468 695 2728 757 negare

511 780 817 862 potuerit,
854 778 1157 859 negavit?
1206 777 1491 854 Deinde,
1524 778 1581 841 si
1615 778 1975 841 Parcarum
2008 778 2277 849 arbitrio
2308 780 2531 842 omnia
2553 767 2732 845 sub-'

503 883 694 966 jecta
727 887 877 943 sunt
908 879 1010 963 (V.
1040 881 1368 958 51-53.),
1398 900 1517 944 cur
1547 880 1632 943 ad
1663 879 1863 962 pedes
1888 880 2185 945 Plutonis
2216 882 2524 946 accidunt
2549 901 2723 963 sup-

508 984 725 1067 plices
746 985 775 1045 ‘l
851 981 1081 1044 Possis
1114 981 1353 1057 dicere,
1384 1002 1512 1045 non
1546 982 1839 1047 Deorum
1869 1003 1998 1060 reS,
2029 984 2146 1046 sed
2176 984 2533 1059 hominum,
2566 1002 2722 1046 om·-

506 1086 815 1167 niumque
846 1104 1082 1159 rerum,
1115 1105 1263 1166 quae
1309 1085 1378 1146 in
1423 1086 1611 1147 terris
1644 1089 1821 1161 sunt,
1854 1084 1940 1148 ad
1971 1086 2310 1148 arbitrium
2343 1085 2717 1149 Parcarum

509 1207 601 1252 ex
629 1193 842 1251 mente
875 1185 1090 1269 potitae
1139 1182 1451 1268 pertinere
1495 1184 1597 1270 (V.
1629 1184 1941 1270 55-63.)
1965 1172 2014 1266 ;'
2052 1186 2169 1250 scd
2213 1189 2271 1251 si
2316 1187 2718 1252 dissolutio-

501 1311 655 1354 nem
685 1288 888 1375 legum
908 1288 1081 1372 pacis
1105 1287 1515 1369 firmatarum
1560 1289 1662 1375 (v.
1690 1287 1857 1373 64),
1908 1309 2185 1372 quarum
2213 1297 2513 1354 auctores
2539 1289 2716 1353 Par-

378 1446 383 1449 ,
503 1392 712 1457 cae'se
755 1391 1161 1474 profitentur,
1198 1411 1347 1456 cum
1396 1410 1484 1453 ex
1529 1393 1635 1468 iis,
1680 1412 1831 1473 quae
1881 1394 2099 1456 statim
2148 1401 2534 1476 sequuntur,
2562 1397 2710 1456 tum

501 1487 1076 1577 exsuperioribus
1104 1492 1209 1578 (ν.
1235 1492 1553 1578 42-47.)
1580 1496 1904 1578 explices,
1949 1516 2161 1558 rerum
2190 1497 2482 1559 omnium
2525 1515 2710 1568 com-

443 1631 450 1636 ·
496 1598 777 1682 plexum
807 1598 893 1660 ab
941 1604 1104 1661 nutu
1132 1601 1217 1660 'et
1265 1598 1535 1662 arbitrio
1567 1598 1935 1662 Parcarum
1968 1597 2248 1680 pendere
2280 1596 2700 1663 Claudianus

499 1701 714 1765 finxit.
805 1700 891 1763 cf.
925 1718 993 1763 v,
1025 1700 1393 1785 215—217.
1482 1701 1804 1777 Tandem,
1837 1702 1895 1762 si
1941 1700 2147 1763 futuri
2177 1707 2358 1763 erant
2388 1701 2709 1777 consciae,

501 1802 661 1887 quid
707 1788 975 1867 omnino
1020 1803 1176 1865 belli
1227 1807 1554 1885 apparatu
1600 1807 1742 1865 erat
1788 1822 1982 1885 opuS,
2014 1802 2549 1884 quandoquidem
2595 1823 2701 1868 eae

499 1912 744 1971 tantum
778 1927 818 1969 a
848 1905 1133 1968 Plutone
1161 1904 1445 1969 fuissent
1474 1904 1940 1969 consulendae?
2035 1903 2207 1982 Quae
2241 1925 2391 1967 cum
2420 1907 2516 1969 it‘a
2546 1907 2702 1982 sint,

499 2015 800 2115 apparet,
838 2014 1037 2070 totam
1066 2026 1209 2069 rem
1230 2006 1361 2069 'non
1391 2007 1560 2069 satis
1591 2008 1891 2070 accurate
1924 2025 1966 2068 a
1992 2004 2193 2089 poeta
2218 2007 2424 2069 fuisse
2454 2027 2703 2107 expen-

500 2110 667 2175 sam.
757 2110 930 2172 Sunt
959 2114 1303 2191 praeterea,
1338 2128 1491 2190 quae
1522 2113 1750 2171 notatu
1780 2107 2003 2188 digna
2027 2102 2405 2172 videantur:
2461 2111 2708 2192 praeci-

497 2228 628 2294 pue
648 2208 987 2294 displicet
996 2214 1406 2294 comparatio
1436 2215 1535 2290 (V.
1566 2211 1875 2305 (su—75.)
1904 2231 2020 2335 per
2047 2231 2118 2274 se
2159 2213 2320 2277 satis
2344 2213 2545 2301 bona,
2579 2212 2699 2325 sed

494 2315 647 2381 loco
676 2316 919 2397 inept0.

516 2416 927 2482 Mercurio
951 2439 1227 2503 propere
1257 2419 1477 2489 accito
1526 2418 2070 2483 declamationem
2109 2416 2335 2495 Pluto,
2365 2412 2697 2502 exrheto-
2698 2473 2705 2478 .

494 2540 643 2583 num
693 2522 1022 2584 subselliis
1074 2524 1370 2604 petitam,
1433 2522 1727 2599 detonat,
1761 2541 1895 2603 qua
1940 2522 2104 2584 satis
2145 2523 2427 2604 superbe
2454 2521 2703 2585 Jovem'

491 2623 817 2706 increpat,
838 2624 1212 2706 bellumque
1237 2625 1599 2701 minitatur,
1628 2625 1760 2687 nisi
1790 2625 2194 2707 obtemperet
2235 2625 2695 2707 imperataque

495 2725 705 2790 faciat
756 2730 856 2803 (v.
908 2727 1258 2806 89-116).
1370 2728 1660 2811 Jupiter,
1715 2720 1987 2811 perlatis
2043 2728 2397 2805 mandatiS,
2457 2734 2693 2790 terrore

492 2827 718 2891 forsan
772 2830 1159 2911 perculsuS,·
1203 2831 1561 2912 postulatis
1611 2830 1874 2909 annuit3
1933 2829 2065 2904 illo,
2108 2811 2364 2892 tantum
2411 2830 2691 2913 angitur,

492 2931 643 3013 q‘uae
697 2930 979 2995 tandem*
1030 2933 1195 2996 illud
1274 2932 1654 3015 conjugium
1716 2934 1804 2995 sit
1868 2937 2197 2996 secutura.
2319 2930 2453 2995 Sed
2510 2935 2687 3007 ecce,

491 3030 834 3112 cogitanti,
863 3034 1279 3117 animumque
1328 3036 1396 3097 in
1441 3054 1670 3098 omnes
1716 3039 1943 3119 partes
1974 3036 2280 3112 versanti,
2333 3033 2690 3116 pulcherri-

486 3151 666 3203 mum
732 3134 986 3197 scilicet
1042 3137 1376 3200 suboritur
1434 3138 1780 3200 consilium
1840 3133 2690 3221 (v.117—-121).Quae

489 3241 851 3319 sequuntur
889 3236 971 3300 de
1005 3235 1237 3300 Cerere
1265 3244 1329 3301 et
1358 3239 1764 3322 Proserpina
1790 3237 1886 3323 (v.
1920 3235 2290 3321 122-140)
2319 3239 2481 3301 satis
2515 3240 2689 3302 bona

485 3342 656 3414 sunt,
691 3339 935 3421 quibus
979 3339 1230 3404 indicat
1276 3340 1502 3425 poeta,
1555 3343 1818 3406 unicam
1872 3339 2130 3404 Cereris
2175 3341 2380 3403 filiam
2412 3341 2687 3403 Proser·
2752 3404 2757 3407 ,

486 3441 716 3524 pinam
747 3459 899 3503 esse
932 3443 1263 3530 matrique
1294 3445 1727 3520 carissimam,
1746 3444 1889 3526 jam
1921 3443 2009 3505 ab
2030 3440 2343 3525 Apolline
2374 3449 2440 3507 et
2473 3442 2686 3507 Marte

484 3544 554 3606 in
605 3544 1095 3607 matrimonium
1146 3547 1441 3627 petitam,
1476 3564 1643 3628 quos
1693 3550 1927 3607 tamen
1962 3548 2201 3607 mater
2218 3545 2684 3627 repudiaverit,

481 3644 792 3727 illamque
819 3647 1127 3726 puellam,
1178 3667 1333 3709 cum
1361 3650 1590 3729 raptus
1638 3644 1783 3728 ejus
1820 3651 1963 3708 tum
1990 3645 2287 3707 maxime
2332 3645 2680 3724 timeretur,

483 3745 814 3808 iri-Sicilia
844 3748 997 3810 loco
1029 3748 1252 3829 aliquo
1284 3754 1431 3811 ante
1453 3752 1832 3830 praeparato
1866 3768 1908 3811 a
1937 3753 2142 3811 matre
2167 3745 2375 3810 fuisse
2403 3747 2680 3830 abscon-

244 3875 253 3884 ·
345 3899 361 3918 .
481 3847 705 3914 ditam.
797 3848 1106 3930 Sequitur
1134 3849 1327 3912 locus
1360 3851 1727 3913 communis
1756 3850 1839 3914 de
1883 3839 2119 3914 Sicilia
2147 3849 2419 3934 ejusque
2450 3850 2678 3915 insulae

479 3955 733 4026 natura,
786 3951 979 4032 cujus
1031 3949 1493 4032 descriptione,
1536 3953 1720 4015 velut
1768 3952 2115 4033 gemmula,
2169 3971 2449 4016 carmen-
2482 3952 2679 4034 poeta

480 4052 882 4134 distinguere
913 4051 1189 4127 studuit,
1224 4071 1352 4114 non
1383 4053 1650 4135 quidem
1681 4054 1952 4117 omnino
2003 4054 2242 4129 aliena,
2291 4053 2413 4117 sed
2463 4063 2675 4119 tamen

474 4155 930 4242 frigidiuscula
977 4152 1077 4240 (v.
1132 4150 1525 4237 140—157).
1614 4155 1838 4219 AEtnae
1888 4158 2128 4219 montis
2182 4156 2539 4239 descriptio
2575 4154 2706 4241 (v.'

481 4255 852 4342 158—168)
878 4257 1150 4323 alienior
1202 4263 1324 4336 est,
1376 4258 1753 4345 aptiorique
1802 4257 2087 4324 fortasse
2143 4260 2299 4324 loco
2345 4256 2493 4350 (ιιι.
2521 4258 2669 4325 330.
