2925 4928
919 429 1019 480 DE
1060 429 1308 478 ›BELLo
1356 427 1431 477 cl
1445 427 1795 479 unomen.

238 574 628 661 Auspiciis:
678 577 812 641 alio
843 577 1078 641 saltem
1108 577 1503 660 prosternite
1533 595 1723 654 casu,

241 679 326 746 Et
345 698 568 764 poenae
599 685 858 743 mutate
889 698 1122 761 genus.
1214 678 1565 749 Porsenna
1591 681 1869 744 reducat

240 782 687 867 Tarquinios3
731 789 1008 847 renovet
1029 782 1274 847 ferales
1304 779 1491 845 Allia
1517 800 1803 866 pugnas.

240 883 355 949 Me
379 888 608 969 potius
638 887 806 952 saevi
834 886 1140 950 manibus
1170 886 1537 968 permittite
1569 884 1842 970 Pyrrhi:

242 986 358 1050 Me
381 988 726 1052 Senonum
753 989 966 1065 furiis,
992 988 1239 1052 Brenni
1264 1008 1372 1052 me
1400 987 1660 1052 reddite
1689 989 2003 1052 flammis.

241 1086 499 1153 Cuncta
527 1089 699 1154 same
720 1090 975 1155 leviora
1000 1090 1187 1155 mihi.
1275 1090 1391 1153 Sic
1419 1090 1587 1168 fata,
1618 1090 1858 1156 refusis

245 1189 551 1257 obticuit
577 1192 913 1277 lacrymis,
1003 1192 1224 1258 Mater
1251 1191 1606 1277 Cytherea,
1637 1212 2009 1277 parensque

244 1293 398 1360 Flet
427 1293 732 1375 Mavors,
762 1305 1152 1378 sanctaeque
1181 1315 1430 1359 memor
1456 1295 1762 1361 Tritonia
1789 1295 2051 1362 Vestae.

2319 885 2454 952 125

241 1448 418 1506 vetant,
441 1449 488 1493 et
511 1444 775 1507 antiquitas
794 1447 986 1509 decepta
1011 1451 1092 1494 est
1112 1446 1330 1507 auguriis
1339 1444 1613 1508 fallacibus,
1634 1449 1801 1496 saltem
1813 1449 2062 1511 percellite
2080 1463 2160 1497 me
2178 1447 2276 1497 alia
2297 1448 2459 1509 ruina,

240 1512 286 1557 et
324 1514 612 1559 commutate
641 1526 794 1572 genus
829 1511 1064 1574 supplicii.
1132 1513 1377 1561 Porsenna
1413 1520 1598 1562 revocet
1639 1513 1950 1576 Tarquinios.-
1990 1514 2121 1563 Attia
2163 1514 2456 1574 redintegret

231 1573 425 1634 funesta
448 1576 643 1637 proelia:
677 1576 854 1624 tradite
876 1592 949 1625 me
969 1576 1125 1638 potius
1136 1578 1362 1640 potestati
1382 1577 1562 1641 Pyrrhi
1583 1580 1812 1636 crudetis,·
1847 1580 2027 1627 tradite
2049 1595 2123 1628 me
2133 1578 2298 1637 furori
2320 1578 2464 1629 Seno-

242 1653 366 1700 num,
387 1640 571 1689 tradite
602 1656 673 1688 me
704 1641 896 1703 ignibus
932 1642 1132 1690 Brenni.
1203 1642 1378 1691 Omnia
1402 1650 1524 1691 sunt
1545 1644 1722 1691 leviora
1743 1642 1860 1691 mihi
1871 1641 2023 1703 fame.
2091 1644 2177 1693 Ita
2200 1644 2368 1692 Roma
2390 1644 2459 1692 lo-

243 1709 366 1768 cuta,
388 1704 526 1753 siluit
530 1704 734 1769 fletibus
753 1705 944 1757 obortis.
1018 1708 1166 1755 Venus
1198 1714 1353 1757 mater
1365 1707 1480 1771 flet,
1499 1713 1547 1758 et
1571 1710 1710 1757 Mars
1743 1713 1900 1773 pater,
1923 1714 1970 1758 et
2008 1710 2171 1758 Pallas
2197 1712 2461 1758 recordata

1181 1835 1266 1855 ‘00
1273 1834 1476 1854 ‘NON‘
1483 1835 1539 1855 00

244 1914 305 1965 Si
328 1916 430 1965 duo
453 1918 604 1968 Vati.
630 1920 774 1967 Rott.
807 1918 1003 1968 Moret.
1041 1933 1150 1968 sec.
1186 1916 1333 1967 Med.
1365 1923 1537 1982 quart.
1578 1916 1727 1979 falsis
1756 1918 1882 1967 elusa
1913 1918 2072 1967 Farn.
2099 1918 2292 1968 Moret.
2311 1933 2464 1982 pr.—

252 1985 343 2032 122
367 1984 606 2045 Auguriis
624 1984 728 2033 Ms.
754 1984 992 2033 Pulman.
1026 1984 1145 2033 alios
1159 1985 1326 2031 saltem
1343 1983 1469 2033 Var.
1491 1983 1596 2031 LL.
1623 1982 1707 2032 ed.
1734 1980 2058 2032 Antv.-—l24
2090 1988 2294 2032 removet
2314 1983 2462 2035 Leid‘.

249 2060 327 2111 pr.
358 2054 546 2098 revocet
567 2049 690 2098 Vat.
717 2055 840 2109 tert.
863 2050 1010 2099 Rott.
1032 2048 1208 2109 feralis
1230 2049 1355 2096 Put.
1389 2048 1514 2098 Alea
1533 2048 1739 2098 Thalos,
1775 2049 1909 2097 Attia
1933 2049 2166 2099 Florent.
2188 2049 2294 2098 duo
2318 2049 2465 2098 Med.

253 2118 356 2161 tres
381 2113 572 2163 Petav.
634 2114 795 2164 Gallia
817 2114 940 2164 Vat.
974 2126 1079 2164 sec.
1114 2114 1231 2165 Pal.
1265 2114 1390 2162 Put.
1430 2114 1559 2174 Reg.
1596 2114 1793 2163 Thuan.
1830 2114 2003 2163 Oxou.
2030 2128 2109 2177 pr.
2132 2112 2318 2163 Ambr.
2343 2122 2467 2166 tert.

255 2178 415 2227 Gallia
437 2180 522 2228 vel
544 2180 679 2230 Allia
716 2179 861 2229 Med.
901 2194 981 2245 pr.
1015 2180 1209 2230 Mox-et.
1231 2192 1337 2228 sec.
1361 2180 1487 2228 Lov.
1521 2179 1720 2229 Mazar.
1771 2194 1956 2245 pugnas
1975 2181 2097 2229 Vat.
2126 2194 2207 2243 pr.
2233 2180 2468 2231 Florent.

254 2241 418 2306 Qisel.
442 2251 548 2296 vet.
571 2245 701 2309 Gyr.
724 2246 920 2310 Mazar.
939 2246 1062 2295 Vat.
1085 2245 1255 2294 Livin.
1279 2246 1404 2294 Exc.
1429 2244 1560 2295 Cod.
1584 2245 1766 2294 Rhem.
1799 2247 1934 2294 tedas
1954 2246 2156 2294 Thuau.
2191 2247 2340 2294 eoedes
2363 2253 2469 2295 tres

249 2308 397 2368 Vatt.
433 2309 547 2359 Pal.
588 2311 743 2359 Farn.
783 2312 928 2360 Rott.
980 2325 1169 2373 pugnas
1206 2310 1288 2359 vel
1330 2312 1481 2359 coedes
1511 2311 1783 2360 Vat..tert.
1806 2312 2093 2359 Pur—125
2129 2311 2340 2360 manibus
2356 2312 2472 2359 soevi

246 2373 374 2424 Lov.
398 2375 544 2425 Med.
568 2384 738 2439 quart.
765 2377 1051 2439 prosternite
1073 2377 1192 2425 Pal.
1224 2382 1279 2424 et
1312 2383 1535 2441 quatuor
1556 2376 1704 2425 Vatt.
1739 2376 2020 2425 committite
2052 2375 2174 2425 Pat.
2205 2377 2472 2439 permittite

253 2439 379 2490 Vat.
399 2451 482 2504 pr.
506 2440 649 2491 Pric.
674 2441 837 2491 Oisel.
859 2441 1094 2493 Florent.
1129 2441 1327 2493 Mazar.
1351 2442 1473 2492 Vat.
1499 2441 1668 2491 Liviu.
1694 2441 1941 2491 Heinsius
1966 2442 2282 2505 ascripserat
2305 2442 2473 2491 locum

253 2506 518 2570 spartian.
543 2507 596 2556 in
612 2507 773 2557 Didio
793 2508 1036 2558 Juliano:
1070 2509 1085 2535 ‘
1109 2508 1344 2571 Vespera
1366 2507 1417 2556 iu
1440 2509 1686 2557 Senatum
1712 2509 1873 2568 venit,
1894 2514 2165 2571 totumque
2189 2521 2245 2555 se
2268 2507 2476 2556 senatui

254 2572 530 2636 permisit?
560 2573 677 2637 puni
707 2588 801 2637 pro
829 2574 1010 2638 Pyrrhi
1030 2574 1394 2624 Mazara—127
1429 2573 1626 2622 meliora
1656 2573 1778 2623 Vat.
1819 2574 1987 2637 quint.
2028 2574 2149 2622 Pat.
2182 2572 2329 2623 Med.
2364 2587 2469 2622 sec.

1260 2687 1481 2738 NOTAE

318 2790 416 2836 122
463 2785 735 2852 Auspiciis]
816 2788 1113 2840 Duodecim
1158 2787 1328 2836 vultu-

257 2876 390 2928 rum,
417 2880 547 2930 quos
589 2866 718 2915 vidit
762 2868 1010 2918 Romulus
1052 2872 1329 2931 antequam

257 2940 474 2991 Romam
497 2943 771 2994 conderet.
900 3001 903 3005 Δ

323 3022 418 3067 123
455 3020 726 3084 Porsenna]
784 3021 900 3070 Rex
945 3019 1213 3070 Hetruriae
1252 3034 1332 3068 re·

259 3095 417 3146 ducat
438 3098 774 3161 Tarquinium
809 3098 1109 3162 superbum,
1132 3105 1189 3148 et
1216 3097 1326 3161 ejus

258 3173 385 3224 filios
421 3174 747 3240 libidinosoS‚
766 3191 893 3242 quos
916 3177 1018 3226 mei
1053 3178 1193 3227 cives
1226 3179 1329 3242 eje-

261 3259 462 3302 cerunt.
526 3313 553 3325 -

324 3333 419 3379 124
450 3329 612 3393 Auia]
666 3332 897 3394 Flavius,
937 3333 1025 3396 qui
1062 3329 1232 3382 influit
1277 3333 1329 3381 in

262 3404 504 3469 Tiberim,
525 3407 741 3471 insignis
778 3406 928 3456 clade
965 3409 1330 3470 Romanorum,

266 3482 350 3543 qui
373 3481 447 3530 ibi
474 3496 506 3530 a
529 3483 741 3532 Brenno
765 3483 1032 3532 Gallorum
1060 3485 1193 3534 duce
1218 3499 1334 3548 pro-

266 3556 426 3621 fligati
466 3569 608 3608 sunt.
682 3561 835 3610 Unde
883 3563 1155 3611 Lucanus:
1208 3565 1223 3590 ‘
1266 3564 1336 3612 Et

271 3635 512 3685 damnata
535 3636 625 3685 diu
645 3636 893 3686 Romanis
919 3637 1057 3686 Allia
1080 3638 1266 3688 fastiS.’

328 3718 419 3763 125
459 3713 669 3779 Pyrrhi]
703 3715 860 3777 Regis
896 3715 1227 3778 Epirotarum
1264 3717 1337 3765 in-

267 3794 344 3838 ter
371 3788 748 3841 infensissimos
790 3793 1136 3841 Romanorum
1164 3795 1336 3843 hostes

270 3868 574 3929 reponendi.

332 3948 426 3994 126
460 3945 549 3994 Me
570 3945 828 4010 Senonum]
860 3944 1105 4010 Senones,
1130 3948 1339 3997 Brenno

274 4021 420 4084 duce,
445 4024 666 4072 Romam
686 4024 1047 4073 incenderunt.

298 4126 304 4133 ·
332 4103 424 4148 127
462 4100 653 4148 Cuncta
663 4098 822 4163 same]
855 4100 1049 4149 Omnia
1082 4102 1218 4148 mala
1252 4116 1340 4164 po-

182 4202 187 4207 ·
270 4178 367 4228 tius
387 4178 577 4243 feram,
613 4195 766 4245 quam
800 4179 1010 4230 famem.
1048 4181 1339 4239 >Homerum

276 4259 387 4317 λιμῷ
421 4258 461 4306 δ’
507 4257 748 4308 οἴκτιστον
791 4257 985 4324 θανέειν,
1011 4257 1153 4318 fame
1178 4260 1341 4324 perire

276 4334 598 4397 miserrimum.
1254 4346 1261 4355 ‘

1477 2789 1572 2835 128
1608 2786 1773 2835 Mater
1796 2785 2053 2850 Cytherea]
2074 2786 2249 2835 Venus
2274 2785 2346 2834 sic
2371 2785 2478 2844 dic-

1409 2869 1467 2912 ta
1491 2879 1521 2912 a
1544 2864 1796 2927 Cythera,
1825 2864 1989 2912 insula
2027 2870 2209 2912 contra
2247 2863 2480 2924 Cretam,

1409 2941 1605 2990 Veneri
1627 2939 1829 2990 dicata:
1862 2948 2077 2990 vocatur
2101 2947 2273 2989 autem
2293 2946 2479 3001 mater,

1412 3019 1536 3082 quia
1571 3020 1741 3069 Roma
1774 3033 1842 3067 ex
1876 3017 2059 3080 AEnea,
2078 3017 2266 3067 AEneas
2288 3032 2353 3067 ex
2378 3018 2481 3065 Ve-

1412 3109 1538 3144 nere
1558 3094 1785 3144 ducebat
1808 3094 2076 3158 originem.

1475 3173 1659 3220 Parcus
1691 3171 1917 3234 ›Moror-s]
1988 3172 2133 3220 Mars
2180 3178 2335 3236 pater
2367 3177 2483 3221 erat

1408 3252 1635 3316 Romuli,
1687 3268 1748 3302 ac
1803 3251 2019 3316 proinde
2076 3252 2319 3302 Romanoe
2356 3265 2482 3314 gen·

1410 3332 1497 3381 tis,
1553 3330 1713 3379 Multi
1752 3329 1888 3380 serre
1936 3344 2034 3378 uon
2081 3337 2294 3393 possunt
2343 3329 2485 3376 Deos

1411 3406 1637 3457 flentes:
1674 3408 1766 3457 sed
1804 3408 1936 3456 tales
1973 3414 2125 3457 erant
2162 3407 2251 3458 Dii
2290 3405 2484 3456 Home-

1416 3501 1531 3535 rici.
2189 3498 2198 3507 ’

1483 3567 1579 3612 129
1607 3561 1848 3625 Tritonia]
1882 3562 2060 3611 Pallas
2079 3562 2150 3611 sic
2186 3562 2328 3610 dicta
2351 3558 2490 3609 aflu·
2510 3623 2523 3632 .

1416 3641 1505 3690 vio
1538 3641 1746 3689 Tritone
1780 3639 1835 3688 in
1867 3637 2069 3700 Africa,
2104 3638 2240 3702 quod
2265 3639 2487 3701 primurn

1419 3717 1656 3780 virginali
1681 3717 1864 3767 habitu
1888 3717 1951 3766 ad
1986 3717 2123 3766 hunc
2163 3717 2244 3765 vel
2274 3714 2488 3765 fliivium

1417 3796 1503 3844 vel
1522 3796 1692 3845 lacum
1713 3795 2050 3859 apparuerit:
2091 3793 2178 3859 qui
2197 3791 2381 3842 fluvius
2404 3792 2492 3842 vel

1417 3875 1563 3922 lacus
1587 3874 1815 3938 erumpit
1849 3888 1915 3922 ex
1952 3872 2151 3922 Palucle
2183 3871 2488 3921 Tritonide:

1419 3951 1539 4000 hinc
1559 3951 1737 4000 Pallas
1760 3950 1901 4000 dicta
1926 3948 2163 4013 witonia,
2183 3954 2238 4000 et
2266 3948 2494 4011 Tritonis,

1420 4027 1532 4076 iniis·

1494 4104 1648 4153 Vestoe
1669 4104 1867 4172 memor]
1902 4104 2212 4164 Palladium,
2246 4119 2337 4153 seu
2373 4103 2494 4152 Pal·

1418 4181 1555 4230 ladis
1579 4182 1905 4232 simulacrum
1932 4181 2320 4233 custodiebatur
2353 4179 2493 4244 apud

1421 4257 1662 4320 Virgines
1683 4259 1957 4319 Vestales3
1990 4258 2108 4309 ideo
2141 4258 2376 4310 Tritonia
2399 4266 2494 4308 seru

1424 4334 1600 4384 Pallas
1624 4335 1929 4387 recordatur
1949 4335 2145 4386 Vestae.
