2925 4928
446 415 579 485 518
1157 430 1273 478 ct..
1317 428 1749 479 cunnum
1795 430 1937 480 xx.

453 580 729 646 Cautior
758 582 912 643 ante
941 582 1159 642 tamen
1187 575 1553 642 violentum
1580 578 1816 644 navita
1847 577 2093 643 Corum
2412 604 2415 606 >
2614 578 2661 644 5

452 680 815 767 Prospicit,
845 686 913 745 et
939 679 1212 746 tumidae
1244 679 1563 746 subducit
1590 681 2107 767 velaprocellae.

453 784 639 864 Quid
660 784 857 869 juvat
883 802 1164 848 errorem
1186 803 1407 848 mersa
1424 785 1568 870 Jam
1598 804 1826 869 puppe
1852 784 2042 849 fateri
2058 785 2089 846 'l

454 886 636 967 Quid
664 887 982 972 lacrymae
1015 886 1265 950 delicta
1294 887 1521 953 levant
1540 890 1571 951 'l
1621 894 1796 953 stant
1828 888 2053 953 omina
2076 890 2286 952 vestri

454 988 805 1055 Consulis:
852 989 1144 1054 immotis
1172 989 1428 1055 haesere
1455 991 1732 1074 piacula
1760 990 1944 1055 fatis.

451 1091 644 1156 Tunc
672 1092 906 1157 decuit
926 1092 1177 1157 sentire
1206 1092 1423 1170 nefaS,
1457 1099 1620 1157 tunc
1651 1094 1746 1158 ire
1778 1097 2079 1157 recentes
2244 1110 2249 1117 ·
2576 1092 2662 1156 10

456 1195 818 1261 Detersum
848 1195 1172 1260 maculaS.
1260 1194 1493 1259 Veteri
1514 1199 1680 1280 post
1708 1196 1949 1259 obruta
1975 1196 2210 1259 morbo

456 1297 783 1381 Corpora,
812 1298 1135 1363 Paeonias
1163 1298 1612 1383 nequicquam
1641 1297 2018 1363 admoveris
2040 1297 2301 1362 herbas..

449 1400 705 1475 ,Ulcera
732 1402 1083 1485 possessis
1114 1402 1255 1467 alte
1285 1400 1540 1467 suffusa
1569 1401 1911 1482 medulliS,

457 1504 620 1570 Non
646 1505 895 1570 leviore
921 1525 1148 1584 manu,
1180 1507 1351 1570 ferro
1381 1511 1702 1570 sanantur
1730 1512 1798 1569 et
1826 1505 1989 1588 igni,

456 1690 694 1741 inutiliter
712 1688 916 1752 auguria
936 1689 1051 1739 anni
1085 1689 1349 1738 nonan-osi.
1414 1688 1564 1737 Prius
1585 1692 1743 1737 tamea
1770 1693 1918 1739 nauta
1951 1688 2230 1752 prudentior
2257 1688 2458 1738 consulit
2494 1690 2667 1738 Corum

456 1756 694 1820 rapidum,
729 1759 774 1804 et
798 1755 1033 1804 subtrahit
1055 1754 1248 1804 carbasa
1284 1754 1556 1817 tempestati
1589 1754 1869 1805 imminenti.
1936 1754 2066 1811 Quia
2093 1757 2286 1818 prodest
2317 1754 2536 1820 confiteri
2573 1755 2668 1803 cul-

454 1836 586 1885 pam,
606 1821 836 1881 navejam
857 1819 1130 1870 submersa?
1197 1821 1328 1876 Quid
1336 1820 1490 1883 fietus
1504 1824 1700 1883 prosunt
1719 1818 1962 1882 peccatis?
1996 1821 2129 1869 mala
2148 1820 2426 1884 prodigiosa
2451 1819 2668 1869 Consulis

459 1886 605 1936 vestri
648 1886 886 1948 Eutropii
925 1890 1198 1934 remanent.-
1239 1884 1439 1933 crimina
1477 1890 1735 1946 remanent,
1773 1883 1903 1944 satis
1936 1884 2236 1935 inconcussis.
2308 1886 2425 1935 Tum
2463 1885 2670 1949 oportuit

644 1950 786 2000 iscere
816 1952 979 2011 scelus,
1009 1956 1110 2000 tum
1144 1965 1399 2014 properare
1422 1951 1483 1997 acl
1522 1951 1761 1999 eluendam
1792 1949 2045 2010 infamiam
2073 1967 2251 2000 nocam.
2333 1951 2453 1999 Post
2490 1950 2669 1998 viscera

458 2032 676 2080 oppressa
697 2016 856 2065 morbo
878 2018 1033 2078 longo,
1065 2016 1334 2065 adhibueris
1350 2014 1544 2074 frustra
1560 2015 1782 2076 gramina
1815 2016 2016 2065 Poeonia
2031 2033 2047 2065 .·
2078 2018 2234 2066 ulcera
2250 2014 2546 2079 inflammata
2565 2029 2669 2077 pro-

449 2081 603 2142 funde
626 2082 679 2130 in
704 2082 915 2131 medullis
931 2082 1183 2146 occupatis,
1213 2085 1442 2131 curantur
1451 2079 1589 2140 ferro
1613 2085 1659 2129 et
1683 2081 1812 2144 igne,
1833 2084 2005 2131 dextra
2020 2097 2113 2131 non
2130 2087 2368 2146 parcente,
2389 2097 2447 2131 ne
2463 2079 2671 2130 cicatrix

1366 2210 1725 2229 ΟΟΟΟΟΟΟΟΟΟΟΟ

461 2297 491 2341 5
526 2292 729 2342 Doctior
750 2294 946 2343 Moret.
972 2300 1150 2357 pr.——-6
1188 2296 1402 2344 Consulit
1423 2295 1541 2344 Pal.
1568 2296 1714 2344 Med.
1753 2310 1834 2359 pr.
1867 2292 2001 2359 quod
2042 2292 2285 2355 placebat
2312 2289 2553 2352 Heinsio,
2586 2289 2671 2354 qui

464 2357 779 2421 ascripserat
818 2358 976 2408 Ovid.
1011 2361 1045 2409 1.
1067 2373 1105 2409 1.
1127 2358 1195 2408 de
1218 2360 1338 2410 Art.
1372 2359 1490 2410 Am.
1522 2363 1538 2388 ⁴
1566 2361 1790 2409 Consule
1813 2361 1878 2408 de
1918 2360 2150 2423 genimiS‚
2185 2357 2250 2405 de
2276 2357 2442 2406 tincta
2479 2357 2672 2404 murice

461 2423 602 2483 lana,
626 2423 850 2473 Consule
874 2423 940 2474 de
976 2423 1109 2474 facie
1132 2425 1540 2490 corporibusque
1564 2424 1734 2475 diem.'
1771 2432 1825 2474 et
1847 2424 1880 2475 1.
1907 2437 1945 2476 ι.
1974 2424 2107 2473 Fast.
2129 2425 2144 2451 ‘
2171 2424 2240 2472 Et
2263 2422 2422 2471 visam
2448 2421 2672 2484 primum

462 2489 685 2538 consulit
709 2505 873 2552 augur
897 2492 1079 2539 avem.’
1131 2491 1207 2540 sic
1228 2492 1466 2541 consulere
1487 2496 1603 2541 exta
1624 2491 1862 2552 Virgilio.
1910 2496 2181 2539 notaverat
2207 2497 2378 2537 tamen
2409 2488 2674 2550 prospicere

462 2567 580 2602 cum
605 2557 909 2603 accusativo
946 2557 1198 2617 construi,
1235 2557 1399 2606 citans
1424 2558 1639 2606 Salmas.
1673 2557 1740 2604 ad
1763 2556 1906 2610 Hist.
1928 2554 2063 2618 Aug.
2098 2570 2148 2617 p.
2182 2557 2296 2603 248.
2343 2553 2527 2602 timido:
2555 2553 2673 2600 Vat.

459 2624 635 2682 quart.
656 2619 797 2668 Prie.
820 2620 1028 2670 Tholos.
1083 2622 1280 2671 tumidoe
1301 2624 1382 2670 ve}
1414 2622 1597 2670 timidoe
1623 2623 1752 2684 Reg.
1794 2621 1964 2669 Oxou.
1988 2635 2067 2682 pr.
2116 2619 2340 2683 producit
2377 2616 2560 2665 Ambr.
2598 2631 2674 2680 pr.

461 2684 638 2732 carinoe
661 2684 783 2734 Vat.
807 2699 911 2735 sec.
933 2701 1000 2736 m.
1026 2701 1105 2749 pr.
1129 2686 1250 2737 Pat.
1283 2687 1459 2736 carinoe
1485 2687 1567 2735 vel
1585 2688 1802 2749 procellae
1823 2686 1947 2735 Put.
1969 2685 2188 2736 Pate—7
2222 2698 2425 2734 errorem
2444 2683 2675 2732 Florent.

464 2748 598 2812 Reg.
622 2748 680 2796 M
686 2763 817 2798 azar.
843 2750 1017 2799 Oxou.
1043 2766 1119 2814 pr.
1153 2766 1333 2801 errores
1355 2760 1461 2801 tres
1484 2754 1633 2802 Vatt.
1656 2751 1768 2800 Pal.
1787 2752 1941 2799 Farn.
1965 2750 2105 2798 Prie.
2130 2751 2274 2798 Rott.
2305 2757 2465 2825 mensa
2487 2747 2675 2796 Petav.

447 2828 701 2927 33:¹53}
719 2816 2312 2945 {2‘53'3.3¹⁸;1¹÷1⁸i.3“²ss133.¹.f³342.{z‘ss‘affif‘3.if¹⁰12.¹33:
2349 2817 2551 2927 sszfssffz‘..
2569 2810 2679 2926 ἷέἐῖ

463 2943 594 2993 Exc.
619 2944 836 2993 Gevart.
871 2947 1028 2993 levant
1052 2947 1174 2995 Vat.
1198 2962 1277 3010 pr.
1309 2949 1467 2996 velant
1485 2948 1691 2997 Thalos.
1730 2948 1895 3006 ‚lavant
1920 2946 2067 2995 Leid.
2092 2960 2168 3009 pr.
2192 2960 2258 2994 m.
2283 2959 2361 3007 pr.
2412 2944 2572 2991 levant
2597 2941 2679 2990 vel

450 3006 627 3068 juvant
651 3008 827 3057 Oxou.
853 3024 959 3059 sec.
1008 3012 1162 3059 omina
1187 3020 1289 3061 vet.
1315 3012 1446 3076 Gyr.
1471 3013 1590 3062 Vat.
1612 3012 1780 3061 Livin.
1802 3010 1975 3061 Oxou.
1996 3025 2099 3060 sec.
2123 3010 2276 3058 ambo
2296 3011 2490 3058 Moret.
2515 3007 2679 3057 Gesn.

466 3078 522 3122 et
539 3071 624 3122 ed.
661 3074 874 3136 Bipont.
910 3075 1067 3123 omnia
1096 3075 1259 3124 Oisel.
1282 3078 1513 3127 Florent.
1538 3078 1641 3126 dno
1663 3077 1808 3126 Med.
1828 3078 2024 3125 Thuan.
2061 3076 2187 3125 Lov.
2219 3074 2321 3123 duo
2355 3073 2547 3122 Petav.
2579 3070 2681 3121 veri

453 3136 695 3187 -Florem,
719 3140 846 3189 Exc.
871 3140 1022 3198 Laeti,
1050 3140 1134 3189 ed.
1158 3141 1335 3191 Parin.
1358 3143 1511 3192 nostri
1535 3144 1686 3192 Farn.
1708 3143 1855 3192 Med.
1878 3147 2050 3205 quart.
2073 3140 2182 3188 inc..
2196 3139 2378 3189 Heius.
2398 3139 2478 3187 ed.
2501 3138 2679 3186 Vicet.

464 3202 589 3251 Var.
613 3204 718 3251 LL.
740 3204 825 3253 ed.
851 3203 1012 3254 Antv.
1063 3207 1209 3255 vestri
1230 3208 1358 3257 Lov.
1393 3209 1522 3257 Exc.
1550 3208 1768 3258 Luceus.
1793 3222 1873 3271 pr.
1897 3208 2018 3256 Var.
2043 3206 2146 3254 LL.
2177 3219 2208 3252 e
2242 3219 2400 3266 marg.
2433 3203 2679 3252 Parm.—-

467 3271 531 3317 10
579 3267 734 3316 vitare
768 3268 902 3329 nefas
931 3270 1180 3321 Pac-11
1234 3272 1452 3321 lacrimas
1487 3274 1641 3322 Farn.
1681 3273 1832 3321 ambo
1877 3271 2216 3321 Moret.Var.
2254 3270 2356 3318 LL.
2394 3268 2476 3318 ed.
2518 3266 2680 3317 AntV.

463 3334 672 3383 maculas
696 3334 777 3382 vei
812 3335 1031 3383 lacrimas
1055 3335 1224 3387 Oxou.
1248 3352 1354 3387 sec.
1405 3342 1520 3387 tunc
1540 3339 1706 3387 obruta
1740 3338 1773 3388 J
1781 3352 1863 3386 un.
1901 3352 1981 3400 pr.
2028 3336 2186 3385 obluta
2211 3334 2357 3383 Leid.
2378 3348 2484 3383 sec.
2508 3347 2575 3382 m.
2601 3347 2678 3396 pr.

463 3402 595 3446 -12
628 3414 915 3462 nequaquam
937 3400 1060 3450 Put.
1091 3407 1222 3451 artes
1240 3403 1363 3453 Jun.
1387 3418 1465 3466 pr.
1498 3402 1665 3452 herbas
1687 3404 1769 3451 vel
1793 3407 1920 3451 artes
1938 3402 2209 3450 Prie—1³
2252 3400 2459 3449 Vulnera
2478 3399 2677 3446 Thnan.

472 3462 620 3511 Ultra
647 3465 757 3513 Pal.
796 3465 940 3513 Med.
965 3480 1043 3529 pr.
1101 3466 1295 3516 Viscera
1319 3468 1550 3517 Florem.
1578 3469 1774 3517 Bonon.
1835 3468 2041 3516 Vulnera
2065 3467 2147 3514 vel
2194 3466 2363 3514 Ulcera
2391 3465 2514 3512 Vat.
2555 3468 2678 3511 tert.

467 3526 592 3577 Put.
624 3530 722 3578 late
744 3529 935 3578 Moret.
959 3545 1063 3580 sec.
1111 3548 1166 3580 su
1213 3548 1316 3581 ossa
1338 3534 1494 3583 Farn.
1544 3533 1737 3593 confusa
1757 3533 1964 3581 Tholos.
2008 3531 2200 3580 venenis
2218 3532 2335 3579 Pac.
2360 3529 2484 3578 Put.
2510 3543 2578 3576 m.
2604 3542 2676 3591 pr.

455 3597 595 3643 ——14
629 3595 762 3643 Num
779 3595 951 3644 leviore
987 3594 1109 3647 Pat.
1179 3612 1284 3648 erro
1305 3604 1537 3648 mnantur
1571 3598 1816 3663 apposite
1852 3597 2111 3647 Ammian.
2136 3596 2170 3645 1.
2205 3608 2346 3645 xvir.
2385 3609 2436 3658 p.
2457 3597 2573 3643 103.
2598 3590 2678 3642 ed.

532 3846 567 3891 6
600 3843 840 3907 Tumidoe]
873 3844 1195 3912 Imminenti,
1228 3863 1350 3899 mox
1387 3864 1541 3914 erup·
1683 3853 1747 3898 12
1781 3846 2026 3909 Paeonias]
2056 3846 2338 3896 Medicasa
2356 3846 2679 3910 Paeone,seu

455 3924 620 3990 Vturae.
1617 3924 1894 3989 Apolline3
1927 3924 2011 3974 vel
2036 3940 2066 3973 a
2084 3924 2286 3974 medico
2310 3930 2610 3986 praestante.

536 3998 568 4043 8
599 3994 871 4061 Lacrymoe]
906 3998 1133 4051 Leniunt
1162 4000 1408 4066 animum,
1444 4001 1539 4053 sed
1686 4006 1748 4052 13
1811 4001 2004 4064 Ulcera]
2053 4001 2336 4063 Virgilius:
2388 4001 2404 4027 ‘
2424 4000 2678 4052 Continuo

469 4084 572 4120 non
590 4074 868 4123 emendant
892 4090 1097 4126 noxam.
1619 4079 1826 4142 culpam
1872 4078 2012 4126 ferro
2052 4093 2345 4141 compesce,
2386 4078 2678 4144 priusquam

542 4148 738 4211 Omina]
801 4152 939 4200 Mala
974 4153 1223 4216 ominosa,
1256 4168 1372 4219 quae
1408 4169 1541 4219 prae·
1620 4155 1751 4203 Dira
1775 4170 1869 4219 per
1893 4157 2156 4204 incautum
2194 4159 2411 4219 serpant
2439 4154 2680 4219 contagia

472 4223 801 4290 dicebantur,
823 4236 985 4292 stant,
1006 4231 1339 4296 baerentque3
1361 4241 1416 4280 et
1435 4233 1542 4296 pia·
1621 4232 1838 4297 vulgus.’

474 4303 612 4370 cula,
628 4318 720 4354 seu
734 4305 951 4357 crimina
966 4308 1242 4374 expianda,
1253 4314 1541 4380 remanent.
1687 4314 1750 4362 14
1784 4310 1936 4361 Ferro
1957 4314 2006 4361 et
2027 4307 2157 4375 igni]
2187 4307 2407 4361 Ovidius
2427 4325 2443 4361 z
2478 4307 2497 4337 ⁸
2518 4307 2677 4360 Cunc-
