2925 4928
941 440 1024 500 {N
1076 449 1427 500 summm
1480 441 1624 499 Lm.
1675 451 1755 498 ιι.
2314 430 2450 500 181-

240 592 686 681 Altorumque
714 598 874 661 exul
903 616 1240 661 nemorum
1268 597 1616 661 ‘damnatur
1643 614 1859 661 arenae

241 700 657 779 MuneribuS‚
688 706 1025 765 commota
1051 701 1210 766 ruit:
1256 702 1357 765 vir
1383 717 1715 764 murmure
1744 702 1971 764 contra

239 802 584 882 Hortatur,
617 806 1141 888 nixusque'genu
1170 804 1502 869 venabula
1523 803 1754 867 tendit.

239 906 362 972 Illa
390 915 604 991 pavet
633 910 968 992 strepituS,
1002 924 1384 991 cuneosque
1405 913 1627 972 erecta
1654 906 1887 970 theatri

236 1004 579 1094 Respicit,
612 1018 679 1077 et
704 1013 874 1078 tanti
888 1014 1159 1079 miratur
1187 1011 1388 1076 sibila
1410 1011 1616 1093 vulgi.

236 1111 432 1177 Unus
459 1136 580 1198 per
606 1115 863 1180 medios
891 1115 1181 1180 audendi
1212 1115 1483 1198 pronior
1503 1130 1662 1177 ense
1759 1189 1762 1194 ,

233 1214 516 1282 Prosilit
542 1224 794 1296 exerto,
828 1219 1159 1302 dictisque
1189 1223 1258 1282 et
1292 1217 1556 1282 vulnere
1583 1220 1840 1280 torvus,

2313 1111 2447 1176 400

231 1381 282 1416 sa
303 1380 376 1414 ex
396 1366 544 1429 sylvis
577 1365 792 1427 excelsis,
824 1369 1161 1416 condemnatur
1178 1367 1241 1416 ad
1264 1368 1397 1416 ludos
1422 1365 1575 1429 Circi,
1596 1364 1809 1414 excitata
1844 1364 1990 1414 irruit
2002 1380 2020 1423 ‚·
2050 1362 2215 1414 contra
2232 1363 2311 1413 vir
2333 1363 2450 1414 bes-

233 1431 416 1480 tiarius
438 1436 583 1493 urg-et
604 1432 746 1480 illam
767 1433 984 1493 clamore,
1004 1438 1050 1480 et
1070 1433 1264 1482 iunixus
1291 1434 1420 1494 g'euu
1440 1431 1632 1495 opponit
1653 1431 1853 1481 Ιιωιαηι.
1909 1430 2005 1483 lua
2022 1430 2194 1479 metuit
2214 1438 2445 1490 niun-mur,

229 1502 276 1545 et
306 1498 442 1545 elata
474 1496 645 1557 aspicit
669 1511 928 1546 consessum
959 1498 1156 1558 theatri,
1196 1503 1339 1560 utque
1361 1496 1642 1559 obstupescit
1662 1499 1886 1545 clamores
1929 1500 2086 1557 tuntoe,
2109 1494 2442 1543 multitudinis.

238 1562 376 1611 Unus
390 1562 652 1625 proclivior
670 1561 737 1610 ad
761 1565 1041 1626 audendum,
1074 1578 1161 1626 per
1182 1563 1356 1612 medios
1376 1562 1523 1610 irruit
1540 1562 1705 1622 gladio
1727 1561 1961 1627 districto,
1982 1564 2028 1609 et
2050 1560 2279 1609 terribilis
2296 1560 2451 1609 verbis

1164 1694 1190 1712 θ
1198 1693 1429 1713 θδθθθθθθ
1436 1694 1459 1713 θ
1466 1692 1523 1712 00

230 1772 428 1835 locum,
447 1786 567 1822 cum
592 1774 801 1823 Donati
823 1774 878 1823 in
910 1775 1105 1823 Heaut.
1126 1773 1496 1823 commentaria
1518 1787 1623 1822 uon
1641 1776 2004 1822 extent—39⁵
2038 1772 2179 1821 exilit
2200 1785 2294 1836 pro
2316 1771 2450 1820 exsul

233 1837 382 1886 Med.
409 1845 582 1903 quart.
603 1839 778 1902 jugum
798 1839 885 1890 lib.
917 1840 1152 1888 Barth.—
1170 1842 1268 1888 396
1302 1838 1585 1888 Muneribus
1613 1839 1743 1888 Ῥεῖ.
1774 1839 1980 1887 Tholos.
2017 1838 2121 1886 duo
2141 1835 2321 1886 Ambr.
2360 1836 2447 1886 ed.

233 1902 642 1967 Parm.‘1singr.
683 1912 791 1954 tres
835 1904 1073 1968 Lugdun.
1121 1903 1403 1969 Vulneribus
1436 1904 1538 1953 duo
1573 1905 1697 1953 Vat.
1736 1904 1891 1952 Fam.
1914 1903 2060 1952 Med.
2098 1915 2202 1952 sec.
2242 1902 2450 1950 'Phuam

233 1968 436 2017 Mor-et.
462 1982 569 2019 sec.
590 1970 787 2019 Mam.
819 1971 944 2019 Var.
963 1971 1065 2019 LL.
1088 1969 1175 2019 ed.
1203 1968 1365 2018 Antv.
1386 1983 1456 2018 m.
1477 1983 1557 2032 pr.
1577 1969 1748 2018 Vicet.
1768 1974 1823 2018 et
1844 1968 2013 2018 Coliu.
2041 1966 2320 2018 Verberibus
2339 1973 2448 2016 tres

231 2032 356 2083 vat.
378 2033 484 2082 dno
506 2034 651 2085 Med.
671 2043 727 2084 et
746 2036 934 2084 Petav.
959 2035 1093 2098 Reg.
1107 2036 1306 2082 Bonou.
1325 2032 1510 2083 Ambr.
1538 2049 1642 2083 sec.
1659 2034 1775 2083 Pal.
1791 2034 1915 2082 Put.
1938 2047 2070 2082 unus
2092 2032 2276 2080 Heius.
2299 2032 2446 2081 Leid.

233 2099 531 2213 ’ἰῖᾰιηῖἴῖἲὲ
556 2100 1054 2219 ἱξῖᾈῖἷᾶἑηέἒὼὲ
1085 2101 1224 2213 {fta
1252 2096 2449 2213 ‘zssffletzssttrss'fflafflz‘sstffiff

234 2236 337 2278 tav.
375 2244 458 2293 pr.
484 2229 672 2279 incert.
700 2229 885 2279 Heius.
919 2180 1215 2292 Migieribus,
1252 2229 1337 2277 vel
1367 2227 1650 2278 Verberibus
1671 2229 1753 2277 vel
1785 2227 2066 2278 Vulneribus
2098 2227 2241 2277 Prie.
2277 2227 2450 2276 Mune·

232 2294 362 2343 ribus
386 2294 619 2359 probare
643 2292 781 2345 visus
804 2295 1069 2357 Heinsius,
1104 2295 1189 2358 qui
1222 2293 1381 2343 virum
1419 2292 1486 2342 de
1515 2298 1736 2343 venatore
1772 2292 1934 2356 capit,
1966 2293 2185 2358 ideoque
2207 2290 2451 2355 ascripsit

231 2358 400 2409 locum
421 2358 648 2409 Ausonii
673 2361 853 2425 Epigr.
873 2374 937 2410 11.
970 2361 986 2386 ‘
1012 2360 1223 2409 Cedere·
1239 2374 1356 2424 quoe
1381 2373 1520 2408 saevo
1539 2360 1705 2408 nescit
1727 2357 1837 2407 fera
1856 2358 2030 2408 saucia
2045 2357 2202 2422 ferro,
2226 2356 2452 2407 Armati·

268 2440 332 2475 ue
357 2431 515 2490 urget
539 2425 647 2476 tela
668 2433 884 2478 cruenta
899 2425 1030 2475 viri.'
1052 2425 1190 2475 idem
1215 2432 1270 2474 et
1288 2429 1447 2475 vector
1471 2423 1772 2475 vocabatur.
1798 2423 1901 2473 vid.
1926 2424 2142 2473 Salmas.
2161 2422 2228 2472 ad
2247 2423 2450 2474 Histor.

230 2439 367 2555 aug.
401 2491 604 2555 Script.
629 2508 682 2556 p.
706 2496 820 2541 258.
846 2491 996 2541 Tom.
1019 2505 1084 2541 ιι.
1108 2506 1162 2556 p.
1191 2495 1306 2540 226.
1346 2490 1553 2540 ‘Noster
1581 2491 1780 2552 Paneg.
1804 2490 1857 2537 in
1876 2489 2033 2539 Cous·
2057 2489 2205 2539 Mau.
2228 2503 2307 2539 vs.
2330 2490 2447 2537 294.

232 2558 247 2582 ‘
267 2556 510 2606 Audaces
533 2559 679 2620 legat
714 2559 827 2621 ipsa
850 2557 1003 2620 viros,
1042 2557 1129 2621 qui
1153 2558 1285 2605 colla
1307 2554 1533 2605 ferarum
1572 2554 1703 2605 Arte
1721 2556 1906 2618 ligent,
1934 2560 2184 2618 certoque
2210 2559 2450 2616 premant

236 2622 497 2671 venabula
519 2622 670 2671 uisu!
735 2622 982 2672 Heinsius
1002 2621 1067 2670 ad
1102 2622 1183 2669 ed.
1206 2622 1368 2685 Lugd.
1394 2625 1540 2670 1551.
1576 2622 1786 2669 convicta
1806 2618 1925 2669 cod.
1963 2619 2106 2670 Deir.
2127 2618 2264 2679 furit
2301 2618 2449 2669 Med.

236 2693 354 2752 tert,
390 2689 477 2737 rix
504 2687 626 2736 Pat.
653 2688 778 2737 Vnt.
811 2703 892 2751 pr.
921 2702 988 2736 m.
1028 2702 1135 2735 see.
1173 2687 1304 2735 Exc.
1344 2688 1466 2735 Pat.
1506 2687 1774 2735 rem—397
1807 2686 2030 2747 nisusque
2053 2684 2448 2733 Florente-BUB

231 2752 435 2816 strepitu
476 2752 626 2802 Med.
663 2760 834 2817 quart.
869 2756 1031 2815 erepta
1050 2752 1450 2802 morene—399
1486 2751 1700 2815 Respicit
1739 2749 1861 2799 Vat.
1901 2763 2006 2799 sec.
2030 2761 2099 2797 m.
2139 2763 2219 2811 pr.
2244 2748 2447 2799 Mazar.

235 2815 361 2868 Este.
384 2819 614 2867 Luceus.
650 2833 754 2867 sec.
793 2824 898 2867 vet.
932 2818 1062 2880 Gyr.
1098 2816 1318 2880 Despicit
1340 2816 1441 2866 duo
1470 2817 1589 2865 Vat.
1633 2817 1743 2865 Pal.
1768 2816 1923 2864 Faru.
1953 2814 2264 2865 Pric.Rott.
2284 2809 2447 2864 Oisel.

234 2881 426 2946 Aspicit
451 2883 580 2932 Pat.
621 2883 723 2932 duo
756 2883 881 2933 vat.
919 2882 1130 2946 Respicit
1166 2883 1250 2930 vel
1294 2882 1524 2945 Despicit·
1553 2881 1676 2930 Vat.
1719 2884 1963 2944 pru—400
1989 2879 2225 2943 promtior
2262 2880 2450 2930 Pet.—

233 2952 321 3000 4⁰1
357 2954 551 2997 exserto
587 2949 714 2998 Lov.
740 2950 933 2999 Mor-et.
955 2962 1060 2997 see.
1086 2949 1215 2997 Exc.
1241 2947 1461 2997 Gevart.
1477 2948 1697 2996 Lucens.
1720 2959 1827 2995 sec.
1853 2946 2040 2995 Sched.
2076 2944 2219 2995 Gud.
2242 2951 2299 2994 et
2323 2946 2449 2995 Var.

238 3012 334 3065 LI..
370 3014 458 3063 ed.
494 3012 659 3063 Autv.
681 3029 751 3063 m.
777 3028 885 3063 sec.
919 3018 1109 3063 extento
1145 3012 1342 3061 Thuau.
1380 3016 1534 3062 erecto
1569 3012 1673 3061 duo
1694 3012 1818 3060 Vat.
1856 3011 1972 3061 Pal.
2004 3010 2152 3059 Med.
2188 3024 2293 3059 see.
2324 3009 2448 3059 Ald.

236 3075 408 3144 Pax-m.
435 3085 493 3127 et
517 3079 691 3129 Vicet.
723 3083 875 3130 erecto
899 3081 981 3128 vel
1002 3083 1188 3127 exserto
1207 3078 1329 3126 Vat.
1353 3084 1479 3126 tert.
1514 3082 1672 3141 erepto
1711 3077 1794 3125 vel
1834 3082 2022 3125 exserto
2054 3077 2285 3127 Florent.
2310 3075 2454 3125 dictis

236 3142 388 3198 Faru.
451 3143 605 3193 Med.
654 3149 779 3194 tert.
825 3158 975 3193 saevus
998 3143 1143 3193 *Van
1181 3157 1288 3193 see.
1349 3144 1526 3192 lumine
1563 3148 1727 3191 torvus
1769 3141 1890 3191 Pat.
1932 3141 2054 3191 Ald.
2102 3141 2254 3190 Vieu.
2288 3155 2450 3207 marg.

1240 3256 1454 3307 NOTAE

295 3356 397 3403 394
430 3353 626 3404 Montes
641 3353 814 3417 avitos]
870 3355 1103 3419 Montes,
1124 3354 1174 3404 in
1199 3355 1306 3420 qui·
1370 3341 1601 3404 ‘idoneas
1622 3354 1702 3403 vir
1721 3354 2013 3418 bestiariuS,
2035 3353 2122 3419 qui
2141 3352 2325 3404 bestiis
2364 3366 2452 3401 cu·

240 3428 329 3479 bus
373 3429 460 3478 avi
526 3430 688 3493 ipsius
745 3432 1094 3483 stabulabunt.
1162 3431 1315 3492 Avus„
1386 3433 1562 3481 randis
1587 3433 1897 3496 praepositus
1918 3438 2016 3493 est,
2037 3430 2275 3495 opponit,
2305 3429 2453 3480 etsie

238 3505 551 3555 transfertur
570 3505 639 3555 ad
661 3504 875 3556 ferasin
898 3508 995 3556 hoc
1018 3508 1155 3576 loco.
1189 3508 1306 3557 Vir·
1383 3510 1641 3568 hortatur,
1656 3517 1912 3572 urgetque
1929 3507 2132 3571 ingredi
2156 3507 2210 3555 in
2228 3506 2450 3556 circum:

241 3582 386 3645 gilius
428 3583 497 3631 de
544 3589 694 3632 tauro
734 3583 877 3632 vieto
899 3582 1161 3647 fugiente:
1196 3584 1211 3611 ‘
1235 3584 1303 3633 Et
1385 3588 1458 3637 ita
1480 3593 1536 3636 et
1555 3587 1747 3635 milites
1769 3592 1958 3648 urgent
1977 3582 2220 3633 Rufinum
2243 3581 2451 3645 ingredi

242 3658 441 3709 stabula
508 3666 787 3721 aspectans
849 3661 1023 3724 reguis
1079 3659 1305 3710 excessit

242 3747 410 3865 ”332-
430 3816 590 3880 Exul]
655 3816 796 3867 Quia
815 3814 1304 3880 fera‘iuvitaexpel-

240 3891 360 3942 litut
382 3908 449 3942 ex
472 3894 636 3956 sylvis
659 3894 862 3956 patriis.

299 3972 397 4019 396
435 3969 743 4032 Muneribus]
801 3970 973 4035 Ludis,
1007 3971 1096 4036 qui
1118 3985 1306 4022 vocan-

244 4050 322 4096 tur
343 4046 571 4108 Munera,
594 4047 715 4110 quia
738 4048 927 4102 dantur
948 4048 1159 4113 populo.
1217 4049 1303 4099 Ci-

244 4136 388 4172 cero:
456 4124 472 4150 ‘
512 4123 910 4187 Magnificentia
974 4125 1303 4187 popularium

248 4199 562 4287 nunctum!
592 4227 599 4230 ἡ
627 4200 732 4254 Alii
757 4201 958 4265 legunt,
991 4202 1168 4254 Areuoe
1202 4217 1304 4252 ser·

303 4356 397 4404 89⁷
422 4313 706 4416 'irenaeum
740 4353 934 4405 Hastas
966 4355 1304 4407 venatoribus

1382 3679 1558 3715 casses
1581 3670 1810 3726 paratos.

1449 3744 1546 3792 398
1585 3739 1788 3802 Cuneus]
1821 3736 2190 3787 Ita-theatrum
2211 3739 2327 3784 erat
2349 3733 2451 3784 dis-

1385 3819 1630 3883 positum,
1654 3832 1773 3866 suos
1798 3821 1858 3865 ut
1879 3815 2099 3866 baberet
2121 3828 2334 3874 cuneos,
2357 3827 2452 3864 seu

1385 3910 1478 3944 suu
1495 3896 1663 3944 latera
1686 3893 1739 3941 in
1760 3892 1987 3956 speeiem
2010 3906 2285 3941 cuneorum
2317 3904 2453 3940 com·

1385 3979 1586 4037 parata.
1651 3970 1932 4035 Virgilius:
1966 3970 1983 3996 ‘
2003 3970 2310 4033 Cuueosque
2344 3966 2453 4017 the·

1385 4048 1519 4095 atri!

1412 4143 1419 4148 ’
1446 4126 1546 4182 400
1580 4120 1801 4172 Audendi
1829 4121 2049 4186 pronior]
2103 4122 2314 4171 Dicitur
2340 4134 2452 4185 pro-

1383 4201 1548 4250 mad
1569 4197 1958 4257 velinferrum:
1997 4212 2174 4260 pronus
2199 4198 2343 4260 paci.-
2392 4201 2454 4246 et

1381 4279 1578 4341 pronior
1597 4275 1825 4333 audendi,
1848 4280 1907 4323 ut
1929 4274 1983 4322 iu
2000 4274 2098 4323 hoc
2121 4274 2254 4323 loco.

1447 4357 1546 4404 4⁰1
1577 4351 1806 4418 Lumine]
1855 4350 1963 4402 Alii
2000 4349 2197 4415 legunt,
2234 4350 2453 4417 Vulnere,
