2925 4928
504 360 595 451 26
1316 389 1881 448 P‘nonmoMRNA
2005 406 2014 421 =

505 554 643 620 tius
691 573 897 639 quam
926 555 995 619 vi
1046 551 1338 635 puellam
1385 549 1825 633 aggrediatur,
1857 551 2056 631 hanc,
2084 571 2168 615 ne
2215 522 2420 616 nimis
2460 544 2760 636 juven}

509 664 852 744 repugnet,
886 655 1303 723 adhortatur.

528 800 529 805 κ
597 760 711 825 Ad
748 760 1067 844 quintum
1104 776 1310 840 genus
1357 759 1683 841 pertinent
1725 777 1807 821 ea
1858 759 2174 837 carmina,
2208 779 2360 843 quae
2395 759 2478 823 in
2526 754 2743 824 Mss‘.

511 862 940 948 epithalamio
994 862 1279 926 Honorii
1308 866 1374 924 et
1406 861 1649 925 Mariae
1702 862 1810 925 vel
1850 863 2334 945 praemittuntur
2366 863 2475 928 vel
2522 866 2756 948 post·-

510 973 856 1053 ponuntur.
945 965 1279 1050 Inscripta
1331 965 1598 1053 quidem
1630 965 1825 1049 vulgo
1870 972 2022 1031 sunt
2080 961 2450 1029 fescennina
2468 990 2491 1036 ,·
2557 970 2748 1030 curri

514 1075 730 1135 autem
767 1072 838 1133 in
892 1069 1062 1133 Mss.
1100 1071 1248 1134 haec
1289 1068 1636 1152 inscriptio
1666 1071 1896 1148 variet,
1947 1091 2103 1134 num
2155 1091 2241 1134 ea
2290 1072 2575 1152 genuina
2608 1071 2768 1159 sit,

512 1176 736 1257 potest
758 1171 1061 1235 dubitari.
1086 1170 1428 1258 *Carmina*
1447 1172 1603 1235 'sunt
1633 1177 1940 1259 quatuor,
1967 1192 2115 1251 nee,
2144 1180 2228 1238 ut'
2255 1174 2362 1237 vel
2398 1192 2485 1237 ex
2516 1178 2757 1254 argu-2

516 1280 738 1340 mento
783 1279 986 1358 patet,
1011 1276 1175 1339 inter
1220 1294 1294 1339 se
1343 1275 1762 1353 cohaerentia,
1791 1280 1864 1338 ut
1910 1275 2178 1358 quidam
2215 1281 2433 1340 tamen
2470 1279 2767 1339 statue-“—

516 1382 691 1454 runt,
714 1379 781 1440 in
813 1370 1091 1459 quorum
1117 1377 1329 1461 primo
1350 1376 1690 1460 Principis
1714 1374 2130 1460 pulchritudo
2154 1366 2542 1454 celebratur,
2565 1376 2753 1459 quae'

517 1482 707 1544 tanta
734 1480 842 1556 sit,
872 1483 946 1542 ut
976 1499 1204 1544 omnes
1246 1480 1432 1544 Deas
1475 1484 1698 1566 amore
1739 1479 2065 1544 accendat
2094 1483 2160 1544 et
2187 1478 2295 1542 vel
2332 1478 2623 1563 Scythas
2669 1478 2762 1544 et

520 1579 941 1667 Hippolyten
964 1582 1206 1647 domet.
1295 1583 1379 1647 In
1421 1589 1561 1648 toto
1591 1585 1716 1649 hoc
1756 1578 2041 1648 carmine
2071 1603 2150 1646 ne
2192 1581 2536 1647 levissima
2585 1581 2764 1664 qui·

521 1683 675 1747 dem
703 1684 1097 1766 significatio
1120 1687 1429 1764 occurrit,
1447 1685 1613 1773 illud
1632 1686 1702 1749 in
1727 1685 2018 1750 Honorii
2048 1684 2317 1749 laudem
2335 1702 2486 1748 esse
2517 1674 2766 1768 scrip⁶⁶>

521 1792 683 1866 tum,
712 1789 833 1852 sed
859 1794 1079 1872 potest
1106 1789 1192 1852 ad
1238 1809 1722 1877 quemcumque
1750 1790 2096 1874 pulchrum
2113 1778 2506 1872 'Principem
2533 1788 2754 1853 trahi.

524 1889 830 1955 Ceterum
873 1911 1007 1955 non
1057 1890 1478 1957 invenustum
1533 1898 1654 1970 est,
1712 1900 1778 1958 et
1835 1894 2001 1956 inter
2047 1893 2325 1956 meliora
2371 1890 2755 1959 Claudiani

525 1997 748 2075 potest
779 1995 1056 2058 censeri.
1148 1992 1230 2057 In
1275 1994 1566 2058 secundo
1597 1998 1780 2058 totus
1803 1997 2121 2059 terrarum
2151 1994 2333 2057 orbis
2381 1993 2747 2059 ad'conce-

525 2092 878 2160 lebrandas
927 2097 1192 2180 nuptias
1236 2099 1571 2163 invitatur.
1660 2096 1877 2161 Priori
1919 2097 2150 2162 forsan
2180 2102 2281 2161 est
2326 2101 2758 2180 postponen⁴

529 2193 710 2261 dum.
798 2198 1324 2284 Tertium,-quod
1357 2202 1679 2284 scriptum
1712 2205 1814 2264 est
1848 2200 1932 2264 ad
1956 2200 2408 2277 Stilichonem,
2423 2196 2758 2279 frigidam

532 2299 826 2365 eontinet
868 2304 1284 2381 sententiam,
1322 2324 1449 2367 nec
1480 2324 1521 2368 a
1547 2304 2102 2388 virtute-poetica
2130 2306 2355 2387 potest
2402 2288 2761 2366 commen-⁵

533 2398 703 2467 dari.
791 2403 1155 2471 Venustius
1206 2413 1309 2471 est
1339 2412 1667 2490 quartum,
1695 2427 1820 2472 nec
1851 2409 2066 2473 solum
2101 2406 2429 2490 ingenium
2461 2401 2761 2481 Catulli,

534 2504 656 2569 sed
683 2506 886 2570 etiam
907 2508 1256 2574 lasciviam
1290 2511 1438 2594 ejus
1483 2514 1714 2597 spirat,
1756 2531 2114 2595 verumque
2146 2507 2554 2593 epithalamii
2584 2508 2759 2569 utu-

532 2605 676 2672 lum
704 2609 833 2674 sibi
855 2615 1077 2694 potest
1108 2613 1469 2679 vindicare.
1558 2615 1895 2694 Barthius,
1919 2634 2115 2698 quem
2140 2615 2411 2677 secutus
2433 2614 2541 2674 est
2571 2608 2760 2673 Ges⁴

537 2728 753 2789 uerus,
812 2714 1246 2794 existimavit,
1296 2717 1419 2781 illa
1489 2720 1788 2784 carmina
1845 2719 2061 2801 primo
2108 2716 2490 2800 nuptiarum
2541 2713 2655 2777 die
2705 2732 2754 2777 a

541 2809 912 2877 Claudiano
938 2834 1087 2879 esse
1114 2820 1414 2897 recitata,
1441 2840 1597 2903 quae
1617 2842 1765 2885 cum
1788 2823 2003 2885 minus
2030 2819 2446 2904 placuissent
2467 2815 2752 2899 quibus-

543 2912 696 2983 dam
727 2916 1192 2998 severioribuS,
1217 2921 1429 3000 illum,
1459 2928 1538 2986 ut
1563 2923 1951 3004 ostenderet,
1975 2943 2047 2987 se
2084 2941 2287 3006 posse
2312 2920 2515 2984 etiam
2542 2918 2758 2983 altius‘

544 3018 864 3102 quiddam
890 3026 954 3085 et
1003 3026 1271 3104 gravius
1317 3044 1575 3105 canere,
1606 3028 1895 3111 septimo
1936 3027 2043 3091 die
2069 3024 2386 3090 *attulisse
2406 3020 2760 3106 {epithala-

544 3120 777 3200 mium,
811 3124 993 3205 quod
1021 3131 1249 3191 nostro
1280 3128 1505 3194 ordine
1528 3129 1860 3195 decimum
1888 3134 2014 3194 est.
2101 3125 2356 3192 Verum
2386 3125 2560 3188 enim
2585 3141 2752 3198 vero

548 3224 775 3289 omnia
801 3227 951 3290 haec
1003 3229 1298 3294 nituntur
1349 3231 1763 3314 conjectura,
1814 3232 1924 3297 cui
1964 3249 2196 3294 ansam
2248 3223 2567 3291 dederunt
2615 3243 2747 3289 vrs.

549 3324 616 3390 9.
646 3345 835 3411 seqq.
890 3331 1200 3396 carminis
1249 3349 1363 3398 lx.
1419 3352 1627 3417 quam
1654 3353 1777 3399 nec
1811 3333 2162 3417 infringere
2191 3319 2317 3393 nec
2362 3325 2754 3393 confirmare

549 3445 775 3512 operae
803 3433 1085 3518 pretium
1112 3434 1391 3500 videtur.

573 3556 585 3564 ·
640 3530 849 3598 Porro
878 3536 995 3600 illa
1039 3540 1355 3618 carmina,
1404 3541 1643 3624 quibus
1687 3538 1985 3624 praelusit
2026 3536 2394 3620 majoribus
2440 3529 2758 3598 Claudia·

552 3649 703 3712 nuS,
733 3647 978 3702 novum
1008 3660 1210 3723 genus
1265 3644 1707 3722 constituunt,
1754 3644 1823 3707 in
1857 3661 2142 3727 quorum
2164 3629 2505 3704 nonnullis
2534 3640 2746 3701 osten-

556 3734 674 3813 dit,
708 3738 868 3820 quid
900 3748 1217 3822 praestare
1252 3746 1611 3828 potuisset,
1642 3748 1701 3811 si
1736 3743 1958 3811 Musis
1987 3747 2263 3822 tantum,
2283 3761 2425 3806 ,non
2451 3735 2745 3804 Honorio

557 3833 629 3901 ot'
653 3836 1028 3920 Stilichoni,
1061 3846 1435 3910 cecinisset.
1528 3847 1784 3912 Forsan
1817 3867 2009 3911 suum
2058 3845 2371 3930 quodque
2393 3879 2397 3883 ·
2422 3859 2677 3907 carmen
2707 3857 2743 3901 e

558 3937 928 4021 majoribus
958 3946 1537 4027 praefatiunculam
1564 3949 1823 4028 habuit,
1854 3949 1972 4013 sed
2012 3947 2348 4031 quaedam,
2372 3961 2524 4009 cum
2569 3940 2745 4007 coili-

561 4048 857 4124 gerentur
882 4046 952 4108 in
981 4066 1184 4112 unum
1215 4050 1609 4115 fasciculum
1641 4053 1996 4117 Claudiani
2027 4051 2350 4127 carmina,
2375 4047 2522 4132 jam
2563 4044 2742 4108 inter·-

564 4142 901 4231 ciderant3
938 4152 1037 4231 ut,
1067 4154 1323 4232 contra,
1345 4153 1655 4237 quaedam
1700 4153 2231 4242 praefatiunculae
2262 4155 2496 4219 extare
2536 4143 2744 4214 viden-
