2925 4928
453 397 584 465 134
1157 413 1274 465 ct..
1322 391 1751 466 cLAumAm
1802 415 1918 476 ιιι,

454 560 794 639 Praebeat,
836 566 903 625 et
928 562 1189 644 quantis
1218 561 1563 644 epulentur
1592 563 1894 627 caedibus
1922 560 2137 646 hydri.

423 645 717 747 ‚Linque
747 662 1071 740 homineS‚
1120 671 1496 745 sortemque
1525 685 1783 730 meam:
1831 671 1987 749 pete
2016 665 2272 731 sidera:
2323 665 2498 732 uotis

458 764 782 830 Autumni
811 772 876 829 te
904 765 1105 828 redde
1135 766 1375 848 plagis,
1394 770 1543 848 'qua
1570 768 1776 849 vergit
1805 769 1876 830 in
1906 772 2227 833 Austrum

457 867 755 951 Signifer.
844 869 1109 932 AEstivo
1139 869 1334 933 sedes
1366 869 1593 933 vicina
1628 870 1839 934 Leoni
2524 868 2666 933 365

458 971 504 1035 J
510 991 614 1035 am
646 972 922 1055 pridem,
952 971 1366 1054 geminaeque
1396 980 1646 1037 vacant
1676 974 1957 1037 confinia
1988 973 2236 1037 Librae.

467 1060 680 1156 Atq‘ue
710 1076 958 1137 utinam
988 1094 1104 1157 per
1132 1094 1376 1157 magna
1404 1077 1598 1158 sequi
1627 1095 1935 1140 convexa
1957 1075 2224 1139 liceret!

552 1174 733 1239 Diva
762 1174 991 1240 refert:
1041 1174 1199 1239 Non
1227 1176 1499 1239 ulterius
1529 1178 1938 1241 bacchabere
1967 1179 2256 1255 demens.
2291 1255 2296 1261 .

463 1275 509 1340 J
516 1296 621 1339 am
648 1297 888 1359 poenas
922 1284 1078 1341 tuus
1110 1279 1233 1343 iste
1263 1279 1493 1343 dabit:
1532 1280 1677 1362 jam
1706 1280 1964 1348 debitus
1992 1281 2166 1344 ultor

466 1377 815 1444 Imminet:
863 1386 927 1443 et
956 1387 1163 1445 terras
1193 1382 1308 1466 qui
1337 1402 1514 1464 nunc
1547 1383 1904 1466 ipsumque
1939 1383 2179 1465 fatigat
2530 1380 2669 1446 370

461 1595 639 1656 guinis,
663 1601 709 1644 et
732 1602 907 1659 quanta
943 1602 1105 1659 strage
1125 1603 1358 1662 serpentes
1379 1600 1479 1648 mei
1513 1605 1783 1662 pascantur.
1830 1602 2006 1653 Desere
2027 1601 2253 1662 homines,
2277 1607 2324 1650 et
2347 1615 2497 1650 meam
2518 1600 2675 1648 licere·

464 1661 693 1709 ditatem:
727 1664 920 1711 ascende
953 1665 1143 1712 coelum:
1177 1663 1307 1723 refer
1330 1670 1376 1713 te
1394 1665 1625 1714 tractibus
1643 1666 1846 1727 coguitis
1863 1667 2113 1726 Autumni,
2144 1682 2238 1728 qua
2261 1674 2409 1729 parte
2433 1666 2674 1714 zodiacus

465 1725 666 1774 inclinat
686 1741 844 1775 versus
866 1729 1105 1776 meridiem
1121 1745 1137 1777 .·
1171 1730 1457 1778 domicilium
1478 1731 1748 1796 finitimum
1769 1732 1916 1780 Leoni
1936 1730 2147 1790 oestifero
2166 1747 2360 1780 vacuum
2382 1736 2450 1779 est
2473 1732 2677 1792 dudum,

464 1793 587 1839 sicut
611 1795 660 1839 et
690 1792 882 1841 termini
916 1793 1076 1845 Libroe
1111 1795 1327 1856 duplicis.
1399 1797 1466 1843 Et
1500 1797 1681 1844 utinum
1716 1797 2069 1859 permitteretur
2100 1797 2222 1844 mihi
2255 1797 2469 1859 persequi
2507 1799 2554 1843 te
2581 1809 2677 1856 per

464 1858 627 1904 coelum
657 1870 937 1918 supremum.
1008 1860 1118 1907 Dea
1138 1860 1357 1910 Justitia
1378 1862 1654 1922 respondet:
1689 1862 1737 1910 Ο
1762 1861 1926 1910 insana
1957 1861 2211 1923 Megaera,
2243 1863 2369 1909 haud
2391 1861 2552 1908 saeties
2567 1875 2675 1907 am-

469 1921 613 1983 plius.
680 1923 806 1971 Mox
841 1922 930 1971 iste
967 1928 1074 1971 tuus
1107 1923 1321 1973 Rufinus
1362 1925 1594 1990 afficietur
1628 1926 1882 1989 supplicio.-
1901 1926 2007 1986 jum
2039 1926 2209 1976 vindex
2233 1927 2394 1987 justus
2427 1928 2580 1987 adest,
2613 1932 2676 1972 et

1396 2053 1687 2074 O‘OO‘OONO
1693 2054 1749 2073 00

470 2145 642 2194 Pnim.
667 2146 796 2195 Cod.
824 2152 878 2196 et
917 2149 1047 2196 Exc.
1070 2149 1289 2199 Gevart.
1327 2151 1378 2200 in
1414 2152 1656 2201 Leidensi
1682 2168 1758 2216 pr.
1784 2166 1959 2200 versus
1982 2155 2097 2201 357.
2134 2156 2189 2200 et
2226 2154 2337 2199 358.
2363 2149 2412 2196 in
2437 2147 2678 2211 margine

469 2211 683 2273 ascripti
724 2217 1051 2262 &ann-362
1103 2218 1354 2278 epulantur
1407 2217 1549 2266 Leid.
1590 2234 1697 2266 sec.
1737 2218 1862 2266 Exc.
1897 2217 2274 2266 Gevart.—363
2311 2215 2433 2263 totis
2472 2215 2676 2261 Bonon.

468 2276 620 2323 noctis
642 2277 763 2326 Vat.
795 2293 871 2340 pr.
911 2293 941 2326 a
975 2292 1043 2326 m.
1070 2295 1148 2342 pr.
1189 2282 1326 2329 Prie.
1354 2297 1384 2330 a
1418 2297 1486 2332 m.
1512 2298 1613 2332 sec.
1648 2284 1798 2331 noctis
1832 2297 1991 2344 marg.
2033 2282 2386 2344 binga—364
2420 2278 2681 2327 Autumnis

472 2339 625 2389 Rott.
650 2355 679 2388 a
697 2356 762 2391 m.
788 2357 867 2404 pr.
902 2349 955 2391 tu
975 2343 1272 2406 Rege-366
1291 2347 1466 2408 gelidai
1488 2354 1665 2396 cessant
1688 2349 1808 2397 Vat.
1834 2347 1950 2407 duo,
1968 2346 2154 2409 Isingr.
2184 2360 2343 2405 marg.
2371 2345 2558 2392 Morin.
2590 2359 2681 2411 ge-

426 2453 434 2460 ,
473 2403 613 2453 minoe
637 2413 740 2455 vet.
762 2407 892 2471 Gyr.
914 2408 994 2458 ed.
1020 2409 1188 2458 Vicet.
1221 2413 1482 2475 gelidaeque
1504 2418 1672 2462 vacant
1697 2414 1821 2461 Exc.
1849 2414 2068 2460 Lucens.
2095 2426 2198 2459 sec.
2227 2409 2402 2472 gelidae
2436 2425 2489 2457 ue
2505 2412 2681 2456 vacuat
2773 2467 2778 2471 .

472 2470 555 2519 vei
576 2473 752 2531 gelidae
773 2479 952 2522 cessant
976 2476 1101 2537 Reg.
1132 2477 1305 2536 gelidoe
1330 2480 1409 2526 vel
1429 2480 1634 2540 geminae
1655 2481 1785 2527 Exc.
1811 2477 1942 2526 Laeti
1965 2484 2019 2526 et
2039 2478 2223 2525 PataV.
2250 2491 2354 2524 rec.
2375 2426 2489 2522 Jizm
2501 2475 2680 2522 dudum

468 2535 640 2596 gelidae
665 2552 712 2585 v.
747 2540 944 2599 egelidoe
966 2541 1032 2589 al.
1083 2556 1252 2589 cessem
1272 2543 1481 2592 Thoios.
1531 2549 1706 2593 cessent
1734 2545 1875 2591 Ron.
1900 2540 2045 2590 Med.
2066 2556 2170 2590 sec.
2197 2542 2326 2589 Exc.
2354 2540 2572 2588 hit-ens·
2597 2553 2681 2601 pr.

473 2604 635 2649 -367
668 2618 878 2652 connexa
913 2604 996 2652 ed.
1039 2605 1242 2654 Claver.
1284 2608 1373 2657 sed
1409 2609 1776 2657 vitiose.—369
1809 2613 1918 2655 tuus
1953 2609 2042 2656 iste
2079 2606 2208 2654 dabit
2249 2606 2368 2654 Vat.
2408 2619 2488 2667 pr.
2529 2605 2679 2652 Rott.

474 2664 594 2715 Vat.
617 2666 786 2718 Livin.
827 2669 953 2718 Exc.
993 2672 1208 2720 Lucens.
1235 2687 1339 2722 sec.
1388 2674 1525 2722 dabit
1557 2675 1647 2723 iste
1667 2678 1777 2723 tuus
1799 2673 1920 2721 Vat.
1945 2669 2066 2732 duo,
2101 2671 2214 2718 Pal.
2241 2672 2393 2719 Farn.
2419 2669 2559 2717 Prie.
2583 2668 2684 2716 oi-

478 2731 568 2785 sei.
590 2732 715 2779 Exc.
741 2734 889 2782 Laeti.
934 2734 1013 2784 i'le
1037 2737 1189 2784 Farn.
1231 2738 1422 2787 Mazar.
1456 2740 1662 2788 Tholos.
1696 2737 1879 2787 Ambr.
1924 2752 2004 2800 pr.
2036 2735 2150 2784 cod.
2174 2736 2414 2784 Pulnian.
2461 2735 2550 2783 iste
2572 2740 2683 2781 tres

474 2795 594 2845 Vat.
618 2797 736 2846 Pal.
763 2799 911 2848 Farn.
938 2801 1073 2849 l’ric.
1095 2801 1257 2851 Oisel.
1275 2804 1427 2867 Bne}⁴
1443 2805 1594 2853 Laeti.
1630 2802 1940 2853 bacchabere:
1971 2803 2170 2850 clemens
2197 2801 2533 2850 vicen—370
2567 2799 2682 2847 emi-

1479 2964 1690 3016 NOTAE

480 3071 696 3123 eiverat.
1685 3083 1782 3128 364
1819 3080 1925 3135 Qua
1949 3078 2103 3141 vergit
2119 3078 2171 3127 in
2202 3078 2435 3128 Austrum
2454 3076 2682 3139 signifer]

544 3152 640 3197 362
678 3148 863 3213 Hydri]
894 3151 1195 3218 Serpentes,
1215 3157 1299 3221 qni
1325 3172 1417 3220 pro
1441 3158 1540 3207 cri·
1623 3156 1741 3207 Qua
1760 3157 2018 3206 Zodiacus
2039 3157 2334 3220 propendet
2355 3171 2533 3206 versus
2551 3155 2685 3205 Aus-

480 3225 630 3274 nibus
652 3239 719 3274 ex
744 3228 993 3292 Megaerae
1012 3233 1184 3295 capite
1203 3235 1451 3298 pendent.
1623 3241 1778 3295 trum,
1815 3234 2158 3282 meridianum
2201 3240 2429 3296 ventum,
2473 3233 2570 3282 hoc
2605 3241 2687 3282 est

545 3305 641 3351 363
675 3301 881 3369 Sor-cern]
914 3297 1131 3357 Terram
1152 3326 1266 3375 quae
1289 3311 1413 3360 mihi
1436 3328 1543 3361 sor·
1623 3327 1800 3360 versus
1823 3317 2022 3374 partem
2047 3310 2407 3360 Meridianam.

480 3383 536 3427 te
557 3377 766 3440 obtigit.
1689 3393 1787 3439 366
1821 3390 2037 3437 Geminoe
2059 3388 2240 3451 Libroe]
2276 3386 2532 3436 Habentis
2555 3386 2684 3435 ‘duas

550 3455 696 3505 Notis
735 3458 968 3508 Autumni
1010 3467 1058 3510 te
1094 3465 1238 3512 redde
1275 3464 1456 3528 plagis]
1493 3466 1541 3515 O
1623 3466 1799 3515 lances
1835 3481 1864 3513 a
1898 3473 2103 3514 staterae
2131 3467 2260 3528 jugo
2292 3465 2562 3528 aequaliter
2598 3464 2686 3513 de·

481 3531 717 3594 Justitia,
739 3544 920 3598 repete
948 3546 1145 3588 tractus
1175 3540 1423 3591 Autumni
1448 3544 1545 3593 tibi
1626 3542 1931 3606 pendentes.
1999 3542 2155 3590 Libra
2178 3541 2316 3590 forte
2335 3541 2545 3602 dicitnr,
2568 3540 2689 3605 quia

484 3609 734 3672 cognitos.
802 3613 1102 3679 Virgo'quae
1127 3623 1210 3666 est
1247 3619 1382 3668 inter
1420 3621 1544 3671 dno-
1624 3618 1711 3667 Sol
1733 3620 1782 3667 in
1807 3634 1870 3667 ea
1892 3619 2118 3667 existens
2152 3616 2283 3668 facit
2308 3619 2413 3667 dies
2441 3620 2708 3683 aequales.⁴

484 3683 655 3734 decim
689 3688 837 3751 signa
860 3690 1089 3754 Zodiaci,
1117 3693 1349 3743 creditur
1373 3711 1402 3743 a
1423 3711 1546 3744 non·
1629 3695 1730 3745 Alii
1754 3698 1954 3759 legunt,
1972 3696 2163 3759 geiidoe,
2183 3696 2303 3760 quia
2324 3702 2428 3743 tum
2455 3693 2543 3743 ae‘r
2563 3695 2690 3744 inci-

412 3783 419 3788 ·
480 3762 637 3811 inillis
671 3778 782 3813 esse
820 3767 1033 3816 Justitia
1069 3786 1160 3818 seu
1216 3771 1439 3834 Astraea,
1492 3782 1547 3822 et
1624 3773 1703 3836 pit
1725 3771 2021 3837 frigescere.

486 3837 606 3887 ideo
646 3854 758 3888 esse
795 3842 930 3890 inter
970 3846 1194 3894 Leonem
1235 3855 1290 3896 et
1327 3849 1553 3913 Libram,
1691 3854 1786 3898 367
1825 3849 2067 3912 Com-exa]
2112 3848 2242 3898 Coeli
2284 3848 2689 3911 convexitatem,

488 3917 610 3981 quia
643 3917 707 3965 ad
751 3919 883 3968 bene
915 3921 1256 3983 judicandum
1299 3940 1426 3989 opus
1469 3935 1550 3976 est
1630 3942 1717 3975 seu
1745 3928 2113 3975 curvationem.
2391 3961 2397 3968 -

488 3991 817 4057 fortitudine,
871 4011 984 4060 quoe
1033 4013 1129 4061 per
1173 4001 1435 4063 Leonem3
1493 4010 1549 4052 et
1694 4006 1791 4052 368
1814 4000 2136 4064 Bucchabere]
2153 4000 2347 4049 Saevies
2373 4000 2537 4049 instar
2558 4001 2691 4050 Bac·

488 4063 762 4134 πῗῳιίωῐθ,
803 4088 916 4136 quae
949 4089 1043 4136 per
1082 4076 1289 4134 Libram
1316 4078 1551 4142 designa·
1631 4080 1892 4128 chamum.

489 4152 593 4195 tur.
651 4145 900 4197 Autumni
927 4159 1119 4215 autem,
1144 4155 1266 4218 quia
1290 4156 1468 4218 Virgo,
1492 4167 1551 4205 ut
1694 4158 1792 4203 369
1851 4154 1948 4203 Iste
1993 4152 2126 4215 tuus]
2159 4151 2394 4216 Rufinus,
2436 4167 2534 4217 per
2574 4166 2692 4203 con-

487 4229 611 4286 pote
634 4225 812 4274 ultima
846 4226 1106 4290 signorum
1133 4230 1460 4296 AEstivorum,
1483 4234 1548 4283 ad
1631 4238 1866 4281 temtum

488 4299 806 4356 Autumnum
831 4305 1017 4367 vergit.
1695 4307 1907 4358 Debitus
1927 4305 2076 4370 ultor]
2130 4304 2356 4361 Debitus
2378 4320 2440 4357 ae
2463 4306 2693 4358 destina·
