2925 4928
780 414 860 463 ηπ
912 413 958 461 1.
1006 407 1597 466 consertum.
1645 408 1796 462 mn.
1846 407 1898 457 ι.
2296 386 2432 474 605

229 562 445 649 Major
467 560 537 626 in
566 558 869 625 adversis
891 557 1152 630 micuit.
1242 555 1452 621 Velut
1481 553 1721 621 arbiter
1747 549 1908 630 alni,

228 666 512 733 Nubilus
545 663 786 744 AEgaeo
818 680 1018 745 quam
1049 660 1305 730 turbine
1331 665 1543 740 vexat
1577 656 1811 735 Orion,

228 769 484 852 Exiguo
512 766 692 831 clavi
721 763 908 829 flexu
939 762 1228 828 declinat
1253 780 1584 845 aquarum

227 870 538 946 Verbera,
567 887 743 931 nunc
771 871 974 945 recta,
1000 885 1179 929 nunc
1210 865 1592 948 obliquante
1620 862 1853 930 carina
2468 897 2473 902 ·

230 972 549 1048 Callidus,
577 976 646 1035 et
673 969 897 1054 pelagi
925 968 1216 1052 coelique
1247 966 1567 1036 obnititur
1595 967 1737 1034 irae.
2302 961 2436 1034 290

229 1074 407 1155 Quid
436 1074 723 1156 primum
751 1072 972 1148 mirer,
1005 1069 1328 1134 Stilichon
1345 1072 1385 1133 ‘i⁴
1469 1067 1672 1150 Quod
1703 1074 1944 1135 cautus
1976 1067 2065 1133 ad
2089 1086 2316 1133 omnes

230 1175 580 1242 Restiteris
608 1174 917 1253 fraudes;
961 1177 1036 1236 ut
1065 1176 1129 1235 te
1160 1191 1285 1235 nec
1313 1171 1526 1238 noxia.
1547 1171 1724 1238 furto

229 1279 477 1358 Litera,
507 1299 628 1350 nec
660 1278 879 1361 pretio
907 1294 1149 1342 manus
1177 1275 1591 1343 inflammata
1615 1277 1944 1342 laterent?

233 1381 433 1462 Quod
458 1382 625 1445 nihil
653 1382 725 1443 in
747 1385 939 1445 tanto
967 1399 1184 1444 rerum
1216 1384 1457 1444 terrore
1485 1378 1758 1444 locutus
2429 1403 2435 1413 ·

231 1485 579 1569 Indignum
610 1484 803 1549 Latio
829 1484 858 1547 ‘i
937 1482 1300 1567 Responsa
1330 1482 1516 1566 quod
1546 1483 1756 1548 ardua
1783 1502 2047 1567 semper
2305 1477 2440 1549 295

231 1670 408 1718 modum
429 1675 587 1718 rector
603 1669 755 1732 navis,
774 1684 911 1734 quam
940 1670 1089 1719 Orion
1110 1685 1308 1734 aqtiosus
1324 1670 1523 1732 infestat
1544 1672 1698 1721 ventis
1718 1671 1769 1721 in
1793 1674 1964 1733 AEgoeo
1986 1670 2127 1732 mari,
2143 1684 2290 1734 parvo

228 1735 530 1800 gubernaculi
580 1735 754 1784 avertit
786 1737 989 1798 impetus
1008 1737 1266 1800 fluctuum,
1303 1737 1491 1801 peritus
1521 1752 1638 1788 nave
1671 1740 1804 1787 modo
1841 1742 1990 1798 rectu,
2011 1738 2146 1786 modo
2176 1735 2376 1798 obliqua,
2393 1738 2443 1783 et

230 1800 405 1864 resistit
416 1800 581 1860 furori
601 1801 747 1848 maris
766 1805 809 1848 et
839 1801 975 1849 Coeli.
1046 1801 1092 1850 Ο
1119 1802 1340 1863 Stilicho,
1371 1802 1487 1865 quid
1503 1803 1645 1865 prius
1663 1800 2020 1866 obstupescam?
2084 1800 2169 1850 An
2192 1802 2314 1863 quod
2332 1813 2450 1862 pro*

234 1865 361 1914 vidus
380 1866 624 1914 obstiteris
639 1866 850 1914 omuibus
862 1865 1070 1927 insidiis,
1095 1872 1147 1914 ut
1171 1874 1216 1915 et
1240 1882 1537 1929 cognosceres
1558 1869 1776 1933 epistolas
1790 1867 2017 1917 obnoxius
2021 1866 2184 1928 furto,
2204 1870 2251 1914 et
2276 1878 2444 1914 manus

228 1932 420 1994 pecunia
444 1928 729 1995 corruptas?
764 1930 848 1979 An
867 1934 988 1993 quod
1009 1932 1059 1979 in
1079 1935 1211 1979 tanto
1235 1934 1442 1981 tumultu
1464 1948 1624 1981 rerum
1642 1934 1761 1982 nihil
1776 1933 1961 1982 dixeris
1995 1932 2243 1994 indiguum
2263 1929 2446 1992 majes-

234 2003 339 2046 tate
375 1993 630 2047 Romanu?
664 1994 747 2044 An
773 1999 895 2059 quod
926 1997 1229 2062 ,inconcussus
1262 1997 1529 2047 reddideris
1564 1999 1883 2063 responsiones
1904 2013 2085 2062 semper
2120 1995 2448 2058 magnanimus

1169 2128 1498 2147 “OONNOOO

236 2206 408 2258 Ambr.
429 2223 536 2259 sec.
590 2208 754 2258 timuit
776 2209 898 2270 Vat.
919 2210 1083 2274 quint.
1133 2211 1228 2259 alvi
1246 2210 1535 2261 Pate-287
1571 2211 1783 2261 Nubilus
1796 2211 1991 2261 Thuan.
2017 2212 2217 2260 Bonon.
2240 2209 2446 2258 TholoS.

237 2274 428 2323 Mazar.
467 2274 596 2323 Vat.
638 2274 806 2322 Livin.
851 2276 950 2324 inc.
985 2276 1167 2324 Heius.
1211 2284 1318 2324 tres
1356 2276 1502 2326 Med.
1545 2278 1762 2326 totidem
1808 2277 1996 2326 PetaV.
2035 2285 2090 2325 et
2115 2275 2298 2326 Ambr.
2321 2275 2452 2324 Exc,

235 2339 447 2389 Lucens.
470 2353 553 2403 pr.
571 2340 696 2387 Var.
720 2340 823 2389 LL.
848 2354 876 2387 e
907 2356 1071 2403 marg.
1097 2342 1270 2390 Parm.
1328 2341 1549 2392 Nubibus
1594 2342 1728 2405 Reg.
1768 2342 1891 2391 Vat.
1927 2348 2048 2392 tert.
2091 2340 2207 2390 Ald.
2258 2338 2454 2394 Nubilis

239 2404 376 2453 Med.
396 2419 476 2472 pr.
540 2403 732 2453 Nobilis
763 2405 887 2454 Put.
927 2406 1048 2454 Pat.
1104 2422 1238 2469 quem
1280 2406 1428 2455 Rott.
1481 2408 1593 2457 Pal.
1632 2408 1736 2457 duo
1778 2407 1924 2456 Med.
1982 2422 2122 2471 quam
2143 2408 2275 2456 Exc.
2293 2404 2452 2454 Laeti.

236 2475 387 2519 versut
426 2470 532 2519 duo
566 2471 715 2519 Vatt.
765 2471 913 2520 Rott.
953 2471 1097 2520 Med.
1122 2486 1224 2519 sec.
1253 2472 1383 2521 Exc.
1420 2473 1573 2522 Laeti.
1628 2480 1783 2523 cessat
1807 2473 1985 2522 Ambr.
2010 2479 2128 2521 tert.
2182 2476 2326 2522 vexat
2349 2468 2454 2521 duo

238 2535 381 2584 Vatt.
406 2537 564 2585 Farn.
584 2536 816 2584 Florent.
844 2544 946 2585 tres
969 2537 1112 2585 Med.
1136 2537 1336 2584 Thuan.
1374 2539 1566 2587 Mazar.
1590 2539 1783 2587 Moret.
1808 2553 1890 2600 pr.
1909 2539 2032 2587 Vat.
2057 2536 2225 2587 Livin.
2246 2536 2373 2587 Jun.
2395 2539 2455 2585 et

234 2598 384 2649 'Leid.
411 2615 491 2665 pr.
516 2601 618 2649 duo
641 2600 815 2649 Oxou.
837 2602 965 2649 Exc.
985 2603 1206 2650 Lucens.
1233 2616 1336 2650 sec.
1389 2608 1531 2651 vexat
1556 2604 1640 2651 vel
1662 2609 1819 2652 versat
1841 2603 1962 2652 Vat.
1991 2605 2236 2665 pr.—-—288
2267 2599 2454 2650 aevitas

237 2662 450 2717 Thuan.'
468 2680 562 2715 non
585 2674 714 2714 recta
738 2667 892 2717 Farn.
926 2682 1008 2715 nec
1037 2667 1180 2715 Med.
1203 2673 1325 2714 tert.
1370 2671 1494 2715 tecta
1520 2669 1663 2717 Rott.
1683 2670 1881 2717 Bonon.
1905 2683 1996 2716 uon
2016 2667 2280 2730 obliquante
2295 2666 2453 2719 Fam,

240 2735 399 2785 -·-,-290
432 2731 542 2781 coeli
577 2730 819 2794 pelag-ique
844 2732 959 2780 Pal.
985 2731 1130 2782 Med.
1172 2745 1247 2793 pr.
1270 2731 1398 2794 Reg.
1427 2733 1621 2782 Thuan.
1668 2733 1898 2783 innititur
1919 2733 2042 2783 Jun.
2079 2747 2160 2794 pr.
2183 2733 2311 2780 Lov.
2332 2729 2457 2783 Vat.

242 2809 339 2844 sec.
365 2795 512 2844 Med.
540 2805 707 2859 quart.
732 2796 854 2846 Put.
882 2797 1000 2845 Pat.
1019 2795 1202 2844 Ambr.
1225 2803 1348 2846 tert.
1401 2796 1667 2848 inmittitur
1704 2798 1876 2847 Oxon.
1921 2812 2021 2847 sec.
2068 2795 2302 2849 obnititur
2330 2795 2457 2844 Vat-

242 2874 318 2923 pr.
343 2868 398 2911 et
422 2867 550 2910 tert.
575 2861 692 2909 Pal.
714 2860 859 2910 Prie.
885 2861 1050 2911 Oisel.
1098 2861 1328 2910 obnititur
1350 2863 1433 2910 vel
1456 2864 1685 2912 innititur
1706 2864 1836 2926 Reg.
1882 2863 1970 2912 ἱνα»
1992 2863 2094 2911 duo
2109 2862 2303 2911 Moret.
2327 2860 2456 2913 Lov-

242 2923 526 2975 Ald.—-291
561 2928 709 2974 miror
746 2927 863 2976 Pat.
919 2925 1120 2974 Stilicho
1153 2925 1302 2974 mirer
1340 2927 1492 2976 Leid.
1525 2943 1603 2992 pr.
1625 2929 1748 2979 Juu.
1789 2943 1866 2992 pr.
1890 2929 2019 2991 Reg.
2041 2927 2237 2977 Mazar.
2260 2927 2459 2975 Thuan·

245 2990 437 3042 Moret.
460 3005 541 3055 pr.
564 2992 664 3039 duo
687 2991 859 3041 Oxou.
909 2992 990 3054 qui
1016 2990 1158 3039 Med.
1184 3005 1288 3040 sec.
1308 2991 1504 3043 Thuan.
1560 3009 1703 3056 quum
1727 2995 1809 3042 vel
1831 2997 1952 3056 quod
1975 2994 2108 3056 Reg.
2158 2993 2281 3055 quod
2298 2991 2380 3040 vel
2402 2992 2460 3042 td

243 3055 367 3105 Exc.
390 3057 545 3106 Laeti.
594 3060 758 3118 captus
777 3057 899 3107 Jun.
922 3060 1162 3119 pre—292
1201 3056 1466 3107 Restiterat
1493 3059 1644 3108 Fam.
1697 3059 1955 3122 Restiterit
1995 3057 2143 3107 Med.
2184 3063 2308 3106 tert.
2366 3055 2463 3104 Re-

243 3121 426 3171 stiteris
444 3124 527 3170 vel
554 3121 819 3170 Restiteras
840 3122 970 3185 Reg.
1026 3121 1106 3183 qui
1126 3120 1272 3169 Med.
1294 3135 1398 3170 sec.
1421 3123 1617 3172 Timan.
1667 3140 1751 3173 uec
1768 3129 1815 3172 te
1835 3124 1982 3180 Med.
2008 3131 2129 3173 tert.
2153 3123 2251 3175 inc.
2277 3121 2462 3175 Heius.

245 3186 364 3237 Var.
390 3188 493 3236 LL.
514 3202 544 3235 e
563 3201 722 3247 marg.
742 3186 918 3235 Parm.
973 3191 1029 3234 ut
1051 3202 1137 3235 nec
1157 3191 1205 3234 te
1227 3185 1407 3236 Ambr.
1427 3189 1531 3237 sec.
1587 3194 1641 3238 ut
1688 3196 1736 3238 te
1767 3206 1851 3239 nec
1890 3191 2089 3238 Bonon.
2114 3189 2234 3237 Pat.
2253 3186 2462 3235 Tholas.

249 3251 345 3299 duo
371 3251 719 3301 Ambr.—293
753 3253 955 3300 laterent
980 3250 1060 3300 ed.
1079 3251 1248 3300 Vivet.
1272 3254 1444 3300 lateret
1464 3268 1640 3302 omnes
1664 3255 1709 3298 V
1716 3261 1811 3303 att.
1835 3255 1953 3303 Pas.
1974 3254 2130 3302 Farn.
2155 3252 2297 3300 Prie.
2316 3251 2473 3300 Rott.

250 3315 410 3365 Oisel.
444 3318 576 3366 Exc.
615 3317 932 3365 Lar-294
975 3316 1072 3371 Qui
1108 3316 1251 3366 Med.
1277 3325 1445 3380 quart.
1469 3319 1671 3378 Tholos.
1706 3319 1776 3368 nil
1811 3319 1914 3367 duo
1950 3320 2095 3367 Vatt.
2137 3318 2266 3365 Exc.
2308 3314 2462 3364 Laeti.

248 3381 364 3428 nihil
387 3382 537 3430 Leid.
564 3395 641 3444 pr.
666 3395 781 3429 cum
802 3380 1092 3431 octodecim
1119 3381 1231 3429 aliis
1255 3386 1311 3428 et
1328 3381 1452 3430 Var.
1480 3384 1581 3431 LL.
1607 3397 1636 3431 e
1661 3398 1821 3444 marg.
1846 3385 2022 3433 Parm.
2039 3383 2093 3430 in
2110 3381 2259 3430 tacito
2275 3378 2463 3429 Ambr-

287 3459 327 3494 r.
360 3461 521 3494 rerum
543 3451 723 3495 terrore
739 3445 919 3495 Ambr.
944 3451 1066 3494 tert.
1092 3447 1220 3495 Exc.
1239 3445 1390 3494 Laeti.
1422 3447 1621 3508 dignum
1642 3444 1843 3498 Thalos.
1876 3448 2053 3498 circum
2076 3444 2219 3495 Leid.
2244 3460 2325 3509 pr.
2361 3443 2466 3494 duo

298 3517 394 3560 att.
418 3510 568 3563 Prie.
591 3510 754 3561 Oisel.
786 3511 1020 3560 Florent.
1045 3525 1112 3560 m.
1139 3525 1216 3575 pr.
1242 3510 1386 3561 Med.
1408 3518 1532 3562 tert.
1562 3514 1664 3562 inc.
1690 3512 1875 3563 HeinS.
1899 3515 2101 3563 Bonou.
2123 3512 2243 3562 Pat.
2284 3511 2472 3561 Petav-

1249 3655 1472 3708 NOTAE

251 3794 404 3849 modo
425 3800 545 3862 hoc,
565 3799 717 3849 modo
740 3797 1220 3861 illud,alternatim.
1399 3803 1484 3838 mo
1510 3789 1746 3854 Rufinus,
1780 3797 1898 3855 post
1930 3787 2227 3851 Eutropius,
2267 3785 2355 3850 qui
2377 3799 2470 3850 pe-

315 3880 413 3925 287
449 3879 621 3940 AEgaeo
656 3877 868 3940 turbine]
903 3877 1168 3936 violento,
1199 3889 1321 3940 qua.
1401 3868 1555 3916 cunia
1576 3869 1808 3931 corrupti
1833 3874 1886 3916 et
1905 3865 2226 3925 inflammati,
2252 3861 2471 3913 Arcadii

251 3956 316 4004 lis
339 3961 420 4004 est
465 3955 519 4004 in
557 3956 912 4021 AEgaeowmari,
945 3954 1080 4020 quod
1106 3962 1322 4019 propter
1401 3944 1608 3994 nomine
1630 3945 1880 4009 episstfflas
1901 3942 2233 4005 noxiaSsurtQ
2254 3954 2345 3990 Seu
2368 3938 2475 4009 furf-

253 4031 465 4081 crebras
508 4025 700 4081 insulas
738 4032 1008 4096 variasque
1055 4030 1322 4094 angustias
1403 4021 1555 4085 Uvas,
1596 4029 1652 4071 et
1692 4020 2050 4086 subreptitias,
2091 4026 2251 4083 atque
2296 4016 2481 4067 edicta

254 4110 416 4172 magis
441 4110 692 4172 agitatur.
1405 4101 1808 4166 componebant,
1833 4107 1889 4150 et
1911 4099 2063 4149 modo
2088 4096 2350 4162 jubebant
2383 4093 2475 4143 mi-

323 4186 515 4250 Orion]
549 4186 701 4236 Sidus
724 4184 863 4251 quod
881 4189 1220 4250 tempestates
1235 4198 1325 4233 ex·
1404 4180 1529 4228 lites
1576 4180 1879 4243 abscedere,
1932 4176 2084 4228 modo
2134 4173 2475 4226 Stilichonem

259 4263 416 4314 citat:
442 4265 512 4313 de
532 4264 629 4313 hoc
648 4263 791 4314 alibi.
1405 4270 1549 4307 arma
1570 4257 1848 4323 deponere.

320 4345 421 4392 292
455 4338 792 4404 Nomiusurto]
816 4341 984 4390 Erant
1006 4336 1327 4403 nempe-pri-
