<?xml version="1.0" encoding="UTF-8"?>
<!DOCTYPE html PUBLIC "-//W3C//DTD XHTML 1.0 Transitional//EN"
    "http://www.w3.org/TR/xhtml1/DTD/xhtml1-transitional.dtd">
<html xmlns="http://www.w3.org/1999/xhtml" xml:lang="en" lang="en">
 <head>
  <title>
</title>
<meta http-equiv="Content-Type" content="text/html;charset=utf-8" />
  <meta name='ocr-system' content='tesseract 3.04.00' />
  <meta name='ocr-capabilities' content='ocr_page ocr_carea ocr_par ocr_line ocrx_word'/>
</head>
<body>
  <div class='ocr_page' id='page_1' title='image "./operaomniavolum00claugoog_0205.png"; bbox 0 0 2925 4928; ppageno 0'>
   <div class='ocr_carea' id='block_1_1' title="bbox 941 425 2449 498">
    <p class='ocr_par' dir='ltr' id='par_1_1' title="bbox 941 425 2449 498">
     <span class='ocr_line' id='line_1_1' title="bbox 941 425 2449 498; baseline -0.003 0"><span class='ocrx_word' id='word_1_1' title='bbox 941 449 1023 497; x_wconf 79' lang='grc' dir='ltr'><strong>ιΝ</strong></span> <span class='ocrx_word' id='word_1_2' title='bbox 1073 444 1430 498; x_wconf 72' lang='lat' dir='ltr'><strong>Rus-mum</strong></span> <span class='ocrx_word' id='word_1_3' title='bbox 1485 448 1634 494; x_wconf 77' lang='lat' dir='ltr'><strong>mn.</strong></span> <span class='ocrx_word' id='word_1_4' title='bbox 1679 447 1761 495; x_wconf 87' lang='lat'><strong>11.</strong></span> <span class='ocrx_word' id='word_1_5' title='bbox 2319 425 2449 494; x_wconf 74' lang='lat'><strong>187</strong></span> 
     </span>
    </p>
   </div>
   <div class='ocr_carea' id='block_1_2' title="bbox 247 590 2127 1291">
    <p class='ocr_par' dir='ltr' id='par_1_2' title="bbox 250 590 1951 762">
     <span class='ocr_line' id='line_1_2' title="bbox 251 590 1951 679; baseline -0.003 -19"><span class='ocrx_word' id='word_1_6' title='bbox 251 596 376 675; x_wconf 85' lang='lat' dir='ltr'><strong>Qui</strong></span> <span class='ocrx_word' id='word_1_7' title='bbox 408 596 543 660; x_wconf 87' lang='lat' dir='ltr'><strong>sibi</strong></span> <span class='ocrx_word' id='word_1_8' title='bbox 572 592 1004 679; x_wconf 75' lang='lat' dir='ltr'><strong>PyramidaS,</strong></span> <span class='ocrx_word' id='word_1_9' title='bbox 1035 593 1150 676; x_wconf 93' lang='lat' dir='ltr'><strong>qui</strong></span> <span class='ocrx_word' id='word_1_10' title='bbox 1177 612 1313 656; x_wconf 92' lang='lat' dir='ltr'><strong>non</strong></span> <span class='ocrx_word' id='word_1_11' title='bbox 1345 591 1653 656; x_wconf 84' lang='lat' dir='ltr'>cedentia</span> <span class='ocrx_word' id='word_1_12' title='bbox 1680 590 1951 675; x_wconf 84' lang='lat' dir='ltr'><strong>templis</strong></span> 
     </span>
     <span class='ocr_line' id='line_1_3' title="bbox 250 694 1762 762; baseline -0.004 0"><span class='ocrx_word' id='word_1_13' title='bbox 250 697 571 762; x_wconf 85' lang='lat' dir='ltr'><strong>Omatura</strong></span> <span class='ocrx_word' id='word_1_14' title='bbox 600 716 764 761; x_wconf 91' lang='lat' dir='ltr'><strong>suos</strong></span> <span class='ocrx_word' id='word_1_15' title='bbox 793 694 1132 760; x_wconf 77' lang='lat' dir='ltr'><strong>exstruxit</strong></span> <span class='ocrx_word' id='word_1_16' title='bbox 1158 694 1451 759; x_wconf 86' lang='lat' dir='ltr'><strong>culmina</strong></span> <span class='ocrx_word' id='word_1_17' title='bbox 1485 694 1762 757; x_wconf 84' lang='lat' dir='ltr'><strong>Manes:</strong></span> 
     </span>
    </p>

    <p class='ocr_par' dir='ltr' id='par_1_3' title="bbox 247 799 1618 883">
     <span class='ocr_line' id='line_1_4' title="bbox 247 799 1618 883; baseline -0.001 -19"><span class='ocrx_word' id='word_1_18' title='bbox 247 799 353 878; x_wconf 87' lang='lat' dir='ltr'><strong>Et,</strong></span> <span class='ocrx_word' id='word_1_19' title='bbox 387 803 505 883; x_wconf 93' lang='lat' dir='ltr'><strong>qui</strong></span> <span class='ocrx_word' id='word_1_20' title='bbox 535 800 816 864; x_wconf 90' lang='lat' dir='ltr'><strong>Sidonio</strong></span> <span class='ocrx_word' id='word_1_21' title='bbox 845 800 1049 863; x_wconf 82' lang='lat' dir='ltr'><strong>velari</strong></span> <span class='ocrx_word' id='word_1_22' title='bbox 1082 799 1371 863; x_wconf 89' lang='lat' dir='ltr'><strong>creditus</strong></span> <span class='ocrx_word' id='word_1_23' title='bbox 1405 804 1618 875; x_wconf 88' lang='lat' dir='ltr'><strong>ostro,</strong></span> 
     </span>
    </p>

    <p class='ocr_par' dir='ltr' id='par_1_4' title="bbox 248 897 2127 1089">
     <span class='ocr_line' id='line_1_5' title="bbox 251 897 2127 987; baseline -0.003 -22"><span class='ocrx_word' id='word_1_24' title='bbox 251 901 491 966; x_wconf 85' lang='lat' dir='ltr'><strong>Nudus</strong></span> <span class='ocrx_word' id='word_1_25' title='bbox 522 903 747 987; x_wconf 83' lang='lat' dir='ltr'><strong>pascit</strong></span> <span class='ocrx_word' id='word_1_26' title='bbox 775 922 959 966; x_wconf 83' lang='lat' dir='ltr'><strong>aves.</strong></span> <span class='ocrx_word' id='word_1_27' title='bbox 1047 901 1091 966; x_wconf 85' lang='lat' dir='ltr'><strong>J</strong></span> <span class='ocrx_word' id='word_1_28' title='bbox 1098 906 1247 965; x_wconf 84' lang='lat' dir='ltr'><strong>acet</strong></span> <span class='ocrx_word' id='word_1_29' title='bbox 1273 921 1375 978; x_wconf 86' lang='lat' dir='ltr'><strong>en,</strong></span> <span class='ocrx_word' id='word_1_30' title='bbox 1406 900 1526 984; x_wconf 91' lang='lat' dir='ltr'><strong>qui</strong></span> <span class='ocrx_word' id='word_1_31' title='bbox 1556 898 1853 983; x_wconf 84' lang='lat' dir='ltr'>possidet</span> <span class='ocrx_word' id='word_1_32' title='bbox 1879 897 2127 973; x_wconf 89' lang='lat' dir='ltr'><strong>orbem,</strong></span> 
     </span>
     <span class='ocr_line' id='line_1_6' title="bbox 248 1004 1642 1089; baseline -0.003 -21"><span class='ocrx_word' id='word_1_33' title='bbox 248 1004 534 1089; x_wconf 83' lang='lat' dir='ltr'><strong>Exiguae</strong></span> <span class='ocrx_word' id='word_1_34' title='bbox 568 1006 822 1071; x_wconf 87' lang='lat' dir='ltr'><strong>telluris</strong></span> <span class='ocrx_word' id='word_1_35' title='bbox 850 1006 1070 1089; x_wconf 81' lang='lat' dir='ltr'><strong>inopS,</strong></span> <span class='ocrx_word' id='word_1_36' title='bbox 1102 1010 1170 1068; x_wconf 85' lang='lat' dir='ltr'><strong>et</strong></span> <span class='ocrx_word' id='word_1_37' title='bbox 1193 1005 1465 1086; x_wconf 88' lang='lat' dir='ltr'><strong>pulvere</strong></span> <span class='ocrx_word' id='word_1_38' title='bbox 1493 1020 1642 1065; x_wconf 83' lang='lat' dir='ltr'><strong>raro</strong></span> 
     </span>
    </p>

    <p class='ocr_par' dir='ltr' id='par_1_5' title="bbox 248 1103 2050 1291">
     <span class='ocr_line' id='line_1_7' title="bbox 248 1103 2050 1192; baseline -0.006 -20"><span class='ocrx_word' id='word_1_39' title='bbox 248 1108 381 1172; x_wconf 87' lang='lat' dir='ltr'><strong>Per</strong></span> <span class='ocrx_word' id='word_1_40' title='bbox 410 1115 643 1192; x_wconf 84' lang='lat' dir='ltr'><strong>partes</strong></span> <span class='ocrx_word' id='word_1_41' title='bbox 673 1109 931 1191; x_wconf 85' lang='lat' dir='ltr'><strong>tegitur,</strong></span> <span class='ocrx_word' id='word_1_42' title='bbox 961 1126 1285 1189; x_wconf 82' lang='lat' dir='ltr'><strong>nusquam</strong></span> <span class='ocrx_word' id='word_1_43' title='bbox 1318 1104 1643 1188; x_wconf 87' lang='lat' dir='ltr'><strong>totiesque</strong></span> <span class='ocrx_word' id='word_1_44' title='bbox 1674 1103 2004 1186; x_wconf 86' lang='lat' dir='ltr'><strong>sepultus.</strong></span> <span class='ocrx_word' id='word_1_45' title='bbox 2045 1156 2050 1159; x_wconf 94' lang='lat'><strong>.</strong></span> 
     </span>
     <span class='ocr_line' id='line_1_8' title="bbox 250 1206 1968 1291; baseline -0.002 -17"><span class='ocrx_word' id='word_1_46' title='bbox 250 1209 607 1276; x_wconf 84' lang='lat' dir='ltr'><strong>Senserunt</strong></span> <span class='ocrx_word' id='word_1_47' title='bbox 637 1229 941 1275; x_wconf 82' lang='lat' dir='ltr'><strong>convexa</strong></span> <span class='ocrx_word' id='word_1_48' title='bbox 967 1228 1220 1286; x_wconf 83' lang='lat' dir='ltr'><strong>necem,</strong></span> <span class='ocrx_word' id='word_1_49' title='bbox 1251 1208 1577 1291; x_wconf 88' lang='lat' dir='ltr'><strong>tellusque</strong></span> <span class='ocrx_word' id='word_1_50' title='bbox 1605 1206 1968 1270; x_wconf 83' lang='lat' dir='ltr'><strong>nefandum</strong></span> 
     </span>
    </p>
   </div>
   <div class='ocr_carea' id='block_1_3' title="bbox 242 1383 2462 1716">
    <p class='ocr_par' dir='ltr' id='par_1_6' title="bbox 242 1383 2462 1716">
     <span class='ocr_line' id='line_1_9' title="bbox 245 1383 2458 1459; baseline -0.004 -17"><span class='ocrx_word' id='word_1_51' title='bbox 245 1393 459 1457; x_wconf 72' lang='lat' dir='ltr'><strong>pergitur</strong></span> <span class='ocrx_word' id='word_1_52' title='bbox 473 1395 818 1456; x_wconf 63' lang='lat' dir='ltr'><strong>precabundus</strong></span> <span class='ocrx_word' id='word_1_53' title='bbox 837 1394 886 1442; x_wconf 91' lang='lat' dir='ltr'><strong>in</strong></span> <span class='ocrx_word' id='word_1_54' title='bbox 908 1393 1160 1457; x_wconf 75' lang='lat' dir='ltr'><strong>compitis5</strong></span> <span class='ocrx_word' id='word_1_55' title='bbox 1209 1394 1332 1455; x_wconf 90' lang='lat' dir='ltr'><strong>iste,</strong></span> <span class='ocrx_word' id='word_1_56' title='bbox 1350 1391 1432 1457; x_wconf 76' lang='lat' dir='ltr'><strong>qui</strong></span> <span class='ocrx_word' id='word_1_57' title='bbox 1448 1391 1706 1459; x_wconf 57' lang='lat' dir='ltr'><strong>edificavit</strong></span> <span class='ocrx_word' id='word_1_58' title='bbox 1741 1390 1835 1441; x_wconf 79' lang='lat' dir='ltr'><strong>sibi</strong></span> <span class='ocrx_word' id='word_1_59' title='bbox 1865 1389 2157 1455; x_wconf 71' lang='lat' dir='ltr'><strong>pyramides,</strong></span> <span class='ocrx_word' id='word_1_60' title='bbox 2195 1387 2273 1450; x_wconf 78' lang='lat' dir='ltr'><strong>qui</strong></span> <span class='ocrx_word' id='word_1_61' title='bbox 2296 1383 2458 1435; x_wconf 79' lang='lat' dir='ltr'><strong>aedifi-</strong></span> 
     </span>
     <span class='ocr_line' id='line_1_10' title="bbox 250 1450 2457 1522; baseline -0.004 -16"><span class='ocrx_word' id='word_1_62' title='bbox 250 1459 383 1508; x_wconf 85' lang='lat' dir='ltr'><strong>cavit</strong></span> <span class='ocrx_word' id='word_1_63' title='bbox 404 1474 498 1508; x_wconf 76' lang='lat' dir='ltr'><strong>non</strong></span> <span class='ocrx_word' id='word_1_64' title='bbox 519 1459 751 1519; x_wconf 77' lang='lat' dir='ltr'><strong>inferiora</strong></span> <span class='ocrx_word' id='word_1_65' title='bbox 773 1459 962 1522; x_wconf 77' lang='lat' dir='ltr'><strong>templis</strong></span> <span class='ocrx_word' id='word_1_66' title='bbox 984 1460 1226 1507; x_wconf 79' lang='lat' dir='ltr'><strong>Mausolea</strong></span> <span class='ocrx_word' id='word_1_67' title='bbox 1248 1460 1534 1507; x_wconf 77' lang='lat' dir='ltr'><strong>honoratura</strong></span> <span class='ocrx_word' id='word_1_68' title='bbox 1554 1471 1662 1506; x_wconf 83' lang='lat' dir='ltr'><strong>suas</strong></span> <span class='ocrx_word' id='word_1_69' title='bbox 1685 1456 1873 1505; x_wconf 78' lang='lat' dir='ltr'><strong>umbras</strong></span> <span class='ocrx_word' id='word_1_70' title='bbox 1886 1472 1907 1515; x_wconf 93' lang='lat'><strong>,·</strong></span> <span class='ocrx_word' id='word_1_71' title='bbox 1954 1460 2001 1505; x_wconf 85' lang='lat' dir='ltr'><strong>et</strong></span> <span class='ocrx_word' id='word_1_72' title='bbox 2023 1455 2110 1503; x_wconf 83' lang='lat' dir='ltr'><strong>ille</strong></span> <span class='ocrx_word' id='word_1_73' title='bbox 2138 1457 2333 1516; x_wconf 75' lang='lat' dir='ltr'><strong>putatus</strong></span> <span class='ocrx_word' id='word_1_74' title='bbox 2354 1450 2457 1512; x_wconf 73' lang='lat' dir='ltr'><strong>tegi</strong></span> 
     </span>
     <span class='ocr_line' id='line_1_11' title="bbox 242 1517 2462 1587; baseline -0.004 -14"><span class='ocrx_word' id='word_1_75' title='bbox 242 1539 451 1586; x_wconf 75' lang='lat' dir='ltr'><strong>purpura</strong></span> <span class='ocrx_word' id='word_1_76' title='bbox 486 1524 711 1587; x_wconf 79' lang='lat' dir='ltr'><strong>Sidonia,</strong></span> <span class='ocrx_word' id='word_1_77' title='bbox 739 1527 890 1574; x_wconf 79' lang='lat' dir='ltr'><strong>nudus</strong></span> <span class='ocrx_word' id='word_1_78' title='bbox 920 1526 1075 1572; x_wconf 75' lang='lat' dir='ltr'><strong>nutrit</strong></span> <span class='ocrx_word' id='word_1_79' title='bbox 1109 1525 1330 1573; x_wconf 77' lang='lat' dir='ltr'><strong>volucres.</strong></span> <span class='ocrx_word' id='word_1_80' title='bbox 1411 1525 1535 1572; x_wconf 83' lang='lat' dir='ltr'><strong>Ecce</strong></span> <span class='ocrx_word' id='word_1_81' title='bbox 1573 1522 1837 1583; x_wconf 63' lang='lat' dir='ltr'><strong>illeojacet,</strong></span> <span class='ocrx_word' id='word_1_82' title='bbox 1872 1521 1954 1585; x_wconf 81' lang='lat' dir='ltr'><strong>qui</strong></span> <span class='ocrx_word' id='word_1_83' title='bbox 1992 1522 2182 1583; x_wconf 71' lang='lat' dir='ltr'><strong>occupat</strong></span> <span class='ocrx_word' id='word_1_84' title='bbox 2218 1517 2462 1577; x_wconf 74' lang='lat' dir='ltr'><strong>mundum,</strong></span> 
     </span>
     <span class='ocr_line' id='line_1_12' title="bbox 249 1582 2460 1652; baseline -0.004 -16"><span class='ocrx_word' id='word_1_85' title='bbox 249 1604 403 1637; x_wconf 76' lang='lat' dir='ltr'><strong>carens</strong></span> <span class='ocrx_word' id='word_1_86' title='bbox 421 1595 558 1638; x_wconf 80' lang='lat' dir='ltr'><strong>terra</strong></span> <span class='ocrx_word' id='word_1_87' title='bbox 579 1589 716 1652; x_wconf 74' lang='lat' dir='ltr'><strong>exili,</strong></span> <span class='ocrx_word' id='word_1_88' title='bbox 738 1596 786 1640; x_wconf 78' lang='lat' dir='ltr'><strong>et</strong></span> <span class='ocrx_word' id='word_1_89' title='bbox 809 1590 1019 1652; x_wconf 78' lang='lat' dir='ltr'><strong>operitur</strong></span> <span class='ocrx_word' id='word_1_90' title='bbox 1037 1589 1210 1650; x_wconf 77' lang='lat' dir='ltr'><strong>exiguo</strong></span> <span class='ocrx_word' id='word_1_91' title='bbox 1230 1591 1422 1652; x_wconf 73' lang='lat' dir='ltr'><strong>pulvere</strong></span> <span class='ocrx_word' id='word_1_92' title='bbox 1443 1602 1528 1651; x_wconf 80' lang='lat' dir='ltr'><strong>per</strong></span> <span class='ocrx_word' id='word_1_93' title='bbox 1543 1592 1724 1651; x_wconf 71' lang='lat' dir='ltr'><strong>partes,</strong></span> <span class='ocrx_word' id='word_1_94' title='bbox 1740 1588 1956 1635; x_wconf 66' lang='lat' dir='ltr'><strong>humatus</strong></span> <span class='ocrx_word' id='word_1_95' title='bbox 1977 1600 2230 1647; x_wconf 77' lang='lat' dir='ltr'><strong>nunqrmm,</strong></span> <span class='ocrx_word' id='word_1_96' title='bbox 2249 1587 2294 1630; x_wconf 81' lang='lat' dir='ltr'><strong>et</strong></span> <span class='ocrx_word' id='word_1_97' title='bbox 2317 1582 2460 1631; x_wconf 78' lang='lat' dir='ltr'><strong>toties</strong></span> 
     </span>
     <span class='ocr_line' id='line_1_13' title="bbox 251 1648 2459 1716; baseline -0.005 -12"><span class='ocrx_word' id='word_1_98' title='bbox 251 1660 419 1704; x_wconf 84' lang='lat' dir='ltr'><strong>tamen</strong></span> <span class='ocrx_word' id='word_1_99' title='bbox 442 1655 705 1704; x_wconf 74' lang='lat' dir='ltr'><strong>humatuS.</strong></span> <span class='ocrx_word' id='word_1_100' title='bbox 777 1655 955 1704; x_wconf 75' lang='lat' dir='ltr'><strong>Coelum</strong></span> <span class='ocrx_word' id='word_1_101' title='bbox 975 1655 1192 1716; x_wconf 76' lang='lat' dir='ltr'><strong>cognovit</strong></span> <span class='ocrx_word' id='word_1_102' title='bbox 1211 1658 1407 1702; x_wconf 79' lang='lat' dir='ltr'><strong>mortem</strong></span> <span class='ocrx_word' id='word_1_103' title='bbox 1431 1653 1626 1716; x_wconf 85' lang='lat' dir='ltr'><strong>Rufini,</strong></span> <span class='ocrx_word' id='word_1_104' title='bbox 1645 1657 1693 1701; x_wconf 82' lang='lat' dir='ltr'><strong>et</strong></span> <span class='ocrx_word' id='word_1_105' title='bbox 1713 1658 1844 1702; x_wconf 76' lang='lat' dir='ltr'><strong>terra</strong></span> <span class='ocrx_word' id='word_1_106' title='bbox 1878 1655 2079 1700; x_wconf 81' lang='lat' dir='ltr'><strong>removet</strong></span> <span class='ocrx_word' id='word_1_107' title='bbox 2108 1650 2289 1714; x_wconf 78' lang='lat' dir='ltr'><strong>pondus</strong></span> <span class='ocrx_word' id='word_1_108' title='bbox 2310 1648 2459 1696; x_wconf 72' lang='lat' dir='ltr'><strong>detes·</strong></span> 
     </span>
    </p>
   </div>
   <div class='ocr_carea' id='block_1_4' title="bbox 1176 1799 1535 1819">
    <p class='ocr_par' dir='ltr' id='par_1_7' title="bbox 1176 1799 1535 1819">
     <span class='ocr_line' id='line_1_14' title="bbox 1176 1799 1535 1819; baseline -0.003 -1"><span class='ocrx_word' id='word_1_109' title='bbox 1176 1799 1535 1819; x_wconf 57' lang='lat' dir='ltr'><strong>“MONON</strong></span> 
     </span>
    </p>
   </div>
   <div class='ocr_carea' id='block_1_5' title="bbox 246 1888 2467 2611">
    <p class='ocr_par' dir='ltr' id='par_1_8' title="bbox 246 1888 2467 2611">
     <span class='ocr_line' id='line_1_15' title="bbox 248 1888 2460 1962; baseline -0.005 -16"><span class='ocrx_word' id='word_1_110' title='bbox 248 1897 335 1946; x_wconf 65' lang='lat' dir='ltr'><strong>iae</strong></span> <span class='ocrx_word' id='word_1_111' title='bbox 355 1897 499 1948; x_wconf 84' lang='lat' dir='ltr'><strong>Prie.</strong></span> <span class='ocrx_word' id='word_1_112' title='bbox 532 1914 637 1948; x_wconf 79' lang='lat' dir='ltr'><strong>ecce</strong></span> <span class='ocrx_word' id='word_1_113' title='bbox 661 1901 745 1949; x_wconf 83' lang='lat' dir='ltr'><strong>vel</strong></span> <span class='ocrx_word' id='word_1_114' title='bbox 767 1900 846 1949; x_wconf 79' lang='lat' dir='ltr'><strong>ille</strong></span> <span class='ocrx_word' id='word_1_115' title='bbox 868 1900 1271 1950; x_wconf 79' lang='lat' dir='ltr'><strong>Florent.——448</strong></span> <span class='ocrx_word' id='word_1_116' title='bbox 1306 1897 1594 1962; x_wconf 74' lang='lat' dir='ltr'><strong><em>Pyramides</em></strong></span> <span class='ocrx_word' id='word_1_117' title='bbox 1614 1901 1724 1944; x_wconf 82' lang='lat' dir='ltr'><strong>tres</strong></span> <span class='ocrx_word' id='word_1_118' title='bbox 1740 1895 1863 1943; x_wconf 88' lang='lat' dir='ltr'><strong>Vat.</strong></span> <span class='ocrx_word' id='word_1_119' title='bbox 1885 1892 1998 1940; x_wconf 82' lang='lat' dir='ltr'><strong>Pal.</strong></span> <span class='ocrx_word' id='word_1_120' title='bbox 2022 1892 2170 1940; x_wconf 88' lang='lat' dir='ltr'><strong>Rott.</strong></span> <span class='ocrx_word' id='word_1_121' title='bbox 2193 1889 2297 1937; x_wconf 92' lang='lat' dir='ltr'><strong>duo</strong></span> <span class='ocrx_word' id='word_1_122' title='bbox 2312 1888 2460 1937; x_wconf 85' lang='lat' dir='ltr'><strong>Med.</strong></span> 
     </span>
     <span class='ocr_line' id='line_1_16' title="bbox 247 1951 2463 2027; baseline -0.005 -17"><span class='ocrx_word' id='word_1_123' title='bbox 247 1967 292 2010; x_wconf 77' lang='lat' dir='ltr'><strong>et</strong></span> <span class='ocrx_word' id='word_1_124' title='bbox 312 1977 405 2026; x_wconf 89' lang='lat' dir='ltr'><strong>pro</strong></span> <span class='ocrx_word' id='word_1_125' title='bbox 426 1965 510 2027; x_wconf 73' lang='lat' dir='ltr'><strong>qui</strong></span> <span class='ocrx_word' id='word_1_126' title='bbox 534 1965 689 2014; x_wconf 80' lang='lat' dir='ltr'><strong>Fam.</strong></span> <span class='ocrx_word' id='word_1_127' title='bbox 714 1966 839 2015; x_wconf 86' lang='lat' dir='ltr'><strong>Vat.</strong></span> <span class='ocrx_word' id='word_1_128' title='bbox 859 1967 1131 2014; x_wconf 65' lang='lat' dir='ltr'><strong>sem—449</strong></span> <span class='ocrx_word' id='word_1_129' title='bbox 1163 1964 1394 2013; x_wconf 63' lang='lat' dir='ltr'><strong>exstruit</strong></span> <span class='ocrx_word' id='word_1_130' title='bbox 1415 1963 1538 2011; x_wconf 89' lang='lat' dir='ltr'><strong>Pet.</strong></span> <span class='ocrx_word' id='word_1_131' title='bbox 1564 1976 1671 2010; x_wconf 86' lang='lat' dir='ltr'><strong>sec.</strong></span> <span class='ocrx_word' id='word_1_132' title='bbox 1703 1958 1936 2008; x_wconf 74' lang='lat' dir='ltr'><strong>instruxit</strong></span> <span class='ocrx_word' id='word_1_133' title='bbox 1952 1957 2076 2006; x_wconf 85' lang='lat' dir='ltr'><strong>Put.</strong></span> <span class='ocrx_word' id='word_1_134' title='bbox 2122 1954 2355 2003; x_wconf 69' lang='lat' dir='ltr'><strong>instruxit</strong></span> <span class='ocrx_word' id='word_1_135' title='bbox 2375 1951 2463 2002; x_wconf 83' lang='lat' dir='ltr'><strong>vel</strong></span> 
     </span>
     <span class='ocr_line' id='line_1_17' title="bbox 247 2017 2464 2084; baseline -0.005 -8"><span class='ocrx_word' id='word_1_136' title='bbox 247 2031 486 2078; x_wconf 62' lang='lat' dir='ltr'><strong>exurrexit</strong></span> <span class='ocrx_word' id='word_1_137' title='bbox 527 2029 679 2080; x_wconf 85' lang='lat' dir='ltr'><strong>Rott.</strong></span> <span class='ocrx_word' id='word_1_138' title='bbox 740 2031 894 2080; x_wconf 78' lang='lat' dir='ltr'><strong>erexit</strong></span> <span class='ocrx_word' id='word_1_139' title='bbox 932 2029 1115 2084; x_wconf 87' lang='lat' dir='ltr'><strong>Ambr.</strong></span> <span class='ocrx_word' id='word_1_140' title='bbox 1151 2044 1257 2078; x_wconf 89' lang='lat' dir='ltr'><strong>sec.</strong></span> <span class='ocrx_word' id='word_1_141' title='bbox 1324 2029 1523 2077; x_wconf 71' lang='lat' dir='ltr'><strong>culmine</strong></span> <span class='ocrx_word' id='word_1_142' title='bbox 1558 2027 1686 2074; x_wconf 89' lang='lat' dir='ltr'><strong>Exc.</strong></span> <span class='ocrx_word' id='word_1_143' title='bbox 1723 2025 2038 2073; x_wconf 56' lang='lat' dir='ltr'><strong>Voss—450</strong></span> <span class='ocrx_word' id='word_1_144' title='bbox 2071 2021 2278 2070; x_wconf 74' lang='lat' dir='ltr'><strong>creditus</strong></span> <span class='ocrx_word' id='word_1_145' title='bbox 2298 2017 2464 2068; x_wconf 85' lang='lat' dir='ltr'><strong>Oisel.</strong></span> 
     </span>
     <span class='ocr_line' id='line_1_18' title="bbox 248 2083 2463 2159; baseline -0.005 -18"><span class='ocrx_word' id='word_1_146' title='bbox 248 2093 440 2142; x_wconf 88' lang='lat' dir='ltr'><strong>Moret.</strong></span> <span class='ocrx_word' id='word_1_147' title='bbox 466 2096 710 2158; x_wconf 65' lang='lat' dir='ltr'><strong>aneg.</strong></span> <span class='ocrx_word' id='word_1_148' title='bbox 776 2096 979 2145; x_wconf 77' lang='lat' dir='ltr'><strong>credidit</strong></span> <span class='ocrx_word' id='word_1_149' title='bbox 1015 2103 1236 2159; x_wconf 82' lang='lat' dir='ltr'><strong>quatuor</strong></span> <span class='ocrx_word' id='word_1_150' title='bbox 1273 2095 1395 2142; x_wconf 90' lang='lat' dir='ltr'><strong>Vat.</strong></span> <span class='ocrx_word' id='word_1_151' title='bbox 1435 2093 1551 2141; x_wconf 79' lang='lat' dir='ltr'><strong>Pal.</strong></span> <span class='ocrx_word' id='word_1_152' title='bbox 1576 2092 1732 2140; x_wconf 82' lang='lat' dir='ltr'><strong>Farn.</strong></span> <span class='ocrx_word' id='word_1_153' title='bbox 1758 2089 1901 2137; x_wconf 81' lang='lat' dir='ltr'><strong>Prie.</strong></span> <span class='ocrx_word' id='word_1_154' title='bbox 1926 2089 2076 2136; x_wconf 82' lang='lat' dir='ltr'><strong>Rott.</strong></span> <span class='ocrx_word' id='word_1_155' title='bbox 2140 2086 2345 2134; x_wconf 75' lang='lat' dir='ltr'><strong>creditus</strong></span> <span class='ocrx_word' id='word_1_156' title='bbox 2378 2083 2463 2132; x_wconf 82' lang='lat' dir='ltr'><strong>vel</strong></span> 
     </span>
     <span class='ocr_line' id='line_1_19' title="bbox 248 2147 2464 2224; baseline -0.005 -18"><span class='ocrx_word' id='word_1_157' title='bbox 248 2158 446 2207; x_wconf 74' lang='lat' dir='ltr'><strong>eredidit</strong></span> <span class='ocrx_word' id='word_1_158' title='bbox 471 2160 596 2209; x_wconf 87' lang='lat' dir='ltr'><strong>Vat.</strong></span> <span class='ocrx_word' id='word_1_159' title='bbox 623 2174 704 2223; x_wconf 92' lang='lat' dir='ltr'><strong>pr.</strong></span> <span class='ocrx_word' id='word_1_160' title='bbox 728 2160 901 2210; x_wconf 86' lang='lat' dir='ltr'><strong>Oxon.</strong></span> <span class='ocrx_word' id='word_1_161' title='bbox 926 2175 1009 2224; x_wconf 89' lang='lat' dir='ltr'><strong>pr.</strong></span> <span class='ocrx_word' id='word_1_162' title='bbox 1040 2161 1253 2208; x_wconf 69' lang='lat' dir='ltr'><strong>creditur</strong></span> <span class='ocrx_word' id='word_1_163' title='bbox 1271 2159 1462 2221; x_wconf 86' lang='lat' dir='ltr'><strong>Isingr.</strong></span> <span class='ocrx_word' id='word_1_164' title='bbox 1500 2156 1702 2206; x_wconf 78' lang='lat' dir='ltr'><strong>credidit</strong></span> <span class='ocrx_word' id='word_1_165' title='bbox 1721 2154 1852 2217; x_wconf 85' lang='lat' dir='ltr'><strong>legit</strong></span> <span class='ocrx_word' id='word_1_166' title='bbox 1880 2150 2121 2200; x_wconf 80' lang='lat' dir='ltr'><strong>Heinsius</strong></span> <span class='ocrx_word' id='word_1_167' title='bbox 2147 2164 2238 2213; x_wconf 83' lang='lat' dir='ltr'><strong>pro</strong></span> <span class='ocrx_word' id='word_1_168' title='bbox 2258 2147 2464 2197; x_wconf 77' lang='lat' dir='ltr'><strong>credidit</strong></span> 
     </span>
     <span class='ocr_line' id='line_1_20' title="bbox 246 2213 2465 2289; baseline -0.005 -18"><span class='ocrx_word' id='word_1_169' title='bbox 246 2235 294 2271; x_wconf 77' lang='lat' dir='ltr'><strong>se</strong></span> <span class='ocrx_word' id='word_1_170' title='bbox 313 2225 581 2284; x_wconf 81' lang='lat' dir='ltr'><strong>velandum,</strong></span> <span class='ocrx_word' id='word_1_171' title='bbox 601 2225 739 2289; x_wconf 87' lang='lat' dir='ltr'><strong>quod</strong></span> <span class='ocrx_word' id='word_1_172' title='bbox 757 2224 926 2274; x_wconf 80' lang='lat' dir='ltr'><strong>firmat</strong></span> <span class='ocrx_word' id='word_1_173' title='bbox 946 2226 1059 2274; x_wconf 77' lang='lat' dir='ltr'><strong>loco</strong></span> <span class='ocrx_word' id='word_1_174' title='bbox 1081 2224 1341 2287; x_wconf 86' lang='lat' dir='ltr'><strong>Spartiani</strong></span> <span class='ocrx_word' id='word_1_175' title='bbox 1365 2225 1417 2271; x_wconf 91' lang='lat' dir='ltr'><strong>in</strong></span> <span class='ocrx_word' id='word_1_176' title='bbox 1441 2222 1575 2271; x_wconf 80' lang='lat' dir='ltr'><strong>AElio</strong></span> <span class='ocrx_word' id='word_1_177' title='bbox 1599 2223 1736 2269; x_wconf 83' lang='lat' dir='ltr'><strong>Vero</strong></span> <span class='ocrx_word' id='word_1_178' title='bbox 1759 2222 1829 2284; x_wconf 87' lang='lat' dir='ltr'><strong>[c.</strong></span> <span class='ocrx_word' id='word_1_179' title='bbox 1849 2218 1923 2280; x_wconf 82' lang='lat'><strong>4.]</strong></span> <span class='ocrx_word' id='word_1_180' title='bbox 1946 2222 1960 2245; x_wconf 90' lang='lat'>‘</span> <span class='ocrx_word' id='word_1_181' title='bbox 1977 2216 2217 2279; x_wconf 82' lang='lat' dir='ltr'><strong>Accepta</strong></span> <span class='ocrx_word' id='word_1_182' title='bbox 2235 2213 2465 2276; x_wconf 88' lang='lat' dir='ltr'><strong>potione,</strong></span> 
     </span>
     <span class='ocr_line' id='line_1_21' title="bbox 251 2276 2463 2356; baseline -0.004 -21"><span class='ocrx_word' id='word_1_183' title='bbox 251 2301 348 2350; x_wconf 80' lang='lat' dir='ltr'><strong>qna</strong></span> <span class='ocrx_word' id='word_1_184' title='bbox 364 2303 421 2338; x_wconf 85' lang='lat' dir='ltr'><strong>se</strong></span> <span class='ocrx_word' id='word_1_185' title='bbox 438 2291 767 2339; x_wconf 79' lang='lat' dir='ltr'><strong>existimaret</strong></span> <span class='ocrx_word' id='word_1_186' title='bbox 779 2290 987 2356; x_wconf 67' lang='lat' dir='ltr'><strong>juvari!</strong></span> <span class='ocrx_word' id='word_1_187' title='bbox 1039 2305 1132 2354; x_wconf 89' lang='lat' dir='ltr'><strong>pro</strong></span> <span class='ocrx_word' id='word_1_188' title='bbox 1140 2290 1421 2351; x_wconf 74' lang='lat' dir='ltr'><strong>juvandum.</strong></span> <span class='ocrx_word' id='word_1_189' title='bbox 1456 2289 1534 2337; x_wconf 84' lang='lat' dir='ltr'><strong>ita</strong></span> <span class='ocrx_word' id='word_1_190' title='bbox 1557 2287 1778 2335; x_wconf 79' lang='lat' dir='ltr'><strong>Gesner.</strong></span> <span class='ocrx_word' id='word_1_191' title='bbox 1801 2291 1856 2333; x_wconf 88' lang='lat' dir='ltr'><strong>et</strong></span> <span class='ocrx_word' id='word_1_192' title='bbox 1878 2283 2093 2345; x_wconf 88' lang='lat' dir='ltr'><strong>Bipont.</strong></span> <span class='ocrx_word' id='word_1_193' title='bbox 2141 2278 2350 2329; x_wconf 74' lang='lat' dir='ltr'><strong>condidit</strong></span> <span class='ocrx_word' id='word_1_194' title='bbox 2370 2276 2463 2327; x_wconf 90' lang='lat' dir='ltr'><strong>lib.</strong></span> 
     </span>
     <span class='ocr_line' id='line_1_22' title="bbox 250 2344 2465 2418; baseline -0.004 -18"><span class='ocrx_word' id='word_1_195' title='bbox 250 2352 432 2402; x_wconf 80' lang='lat' dir='ltr'><strong>Barth.</strong></span> <span class='ocrx_word' id='word_1_196' title='bbox 479 2357 560 2418; x_wconf 77' lang='lat' dir='ltr'><strong>qui</strong></span> <span class='ocrx_word' id='word_1_197' title='bbox 581 2371 631 2404; x_wconf 86' lang='lat' dir='ltr'><strong>se</strong></span> <span class='ocrx_word' id='word_1_198' title='bbox 654 2355 761 2405; x_wconf 74' lang='lat' dir='ltr'><strong>Sia.</strong></span> <span class='ocrx_word' id='word_1_199' title='bbox 785 2357 1031 2405; x_wconf 79' lang='lat' dir='ltr'><strong>velandum</strong></span> <span class='ocrx_word' id='word_1_200' title='bbox 1052 2356 1257 2404; x_wconf 79' lang='lat' dir='ltr'><strong>credidit</strong></span> <span class='ocrx_word' id='word_1_201' title='bbox 1276 2355 1574 2416; x_wconf 86' lang='lat' dir='ltr'><strong>Dempster.</strong></span> <span class='ocrx_word' id='word_1_202' title='bbox 1600 2365 1629 2399; x_wconf 90' lang='lat' dir='ltr'><strong>e</strong></span> <span class='ocrx_word' id='word_1_203' title='bbox 1654 2352 1906 2411; x_wconf 82' lang='lat' dir='ltr'><strong>Bongars.</strong></span> <span class='ocrx_word' id='word_1_204' title='bbox 1928 2347 2306 2396; x_wconf 75' lang='lat' dir='ltr'><strong>membr.—45l</strong></span> <span class='ocrx_word' id='word_1_205' title='bbox 2330 2344 2465 2404; x_wconf 76' lang='lat' dir='ltr'><strong>jacet</strong></span> 
     </span>
     <span class='ocr_line' id='line_1_23' title="bbox 251 2409 2467 2484; baseline -0.005 -17"><span class='ocrx_word' id='word_1_206' title='bbox 251 2431 308 2467; x_wconf 69' lang='lat' dir='ltr'><strong>e»</strong></span> <span class='ocrx_word' id='word_1_207' title='bbox 329 2419 465 2469; x_wconf 85' lang='lat' dir='ltr'><strong>Exc.</strong></span> <span class='ocrx_word' id='word_1_208' title='bbox 491 2420 643 2471; x_wconf 82' lang='lat' dir='ltr'><strong>Laeti.</strong></span> <span class='ocrx_word' id='word_1_209' title='bbox 698 2422 787 2472; x_wconf 77' lang='lat' dir='ltr'><strong>heu</strong></span> <span class='ocrx_word' id='word_1_210' title='bbox 813 2421 896 2471; x_wconf 90' lang='lat' dir='ltr'><strong>ed.</strong></span> <span class='ocrx_word' id='word_1_211' title='bbox 918 2421 1091 2472; x_wconf 75' lang='lat' dir='ltr'><strong>Vicet.</strong></span> <span class='ocrx_word' id='word_1_212' title='bbox 1152 2424 1393 2484; x_wconf 73' lang='lat' dir='ltr'><strong>presserat</strong></span> <span class='ocrx_word' id='word_1_213' title='bbox 1416 2418 1572 2468; x_wconf 84' lang='lat' dir='ltr'><strong>orbem</strong></span> <span class='ocrx_word' id='word_1_214' title='bbox 1596 2417 1878 2464; x_wconf 59' lang='lat' dir='ltr'><strong>Pan—453</strong></span> <span class='ocrx_word' id='word_1_215' title='bbox 1910 2427 2147 2476; x_wconf 72' lang='lat' dir='ltr'><strong>nunquam</strong></span> <span class='ocrx_word' id='word_1_216' title='bbox 2169 2409 2311 2459; x_wconf 87' lang='lat' dir='ltr'><strong>Pric.</strong></span> <span class='ocrx_word' id='word_1_217' title='bbox 2359 2421 2467 2456; x_wconf 73' lang='lat' dir='ltr'><strong>nus-</strong></span> 
     </span>
     <span class='ocr_line' id='line_1_24' title="bbox 250 2474 2465 2549; baseline -0.005 -15"><span class='ocrx_word' id='word_1_218' title='bbox 250 2498 384 2546; x_wconf 73' lang='lat' dir='ltr'><strong>quam</strong></span> <span class='ocrx_word' id='word_1_219' title='bbox 405 2486 499 2533; x_wconf 86' lang='lat' dir='ltr'><strong>alii</strong></span> <span class='ocrx_word' id='word_1_220' title='bbox 530 2501 716 2549; x_wconf 80' lang='lat' dir='ltr'><strong>magno</strong></span> <span class='ocrx_word' id='word_1_221' title='bbox 739 2502 970 2548; x_wconf 86' lang='lat' dir='ltr'><strong>numero,</strong></span> <span class='ocrx_word' id='word_1_222' title='bbox 992 2487 1121 2535; x_wconf 87' lang='lat' dir='ltr'><strong>Exc.</strong></span> <span class='ocrx_word' id='word_1_223' title='bbox 1146 2486 1364 2536; x_wconf 85' lang='lat' dir='ltr'><strong>Gevart.</strong></span> <span class='ocrx_word' id='word_1_224' title='bbox 1403 2484 1621 2534; x_wconf 87' lang='lat' dir='ltr'><strong>Lucens.</strong></span> <span class='ocrx_word' id='word_1_225' title='bbox 1662 2497 1765 2530; x_wconf 87' lang='lat' dir='ltr'><strong>sec.</strong></span> <span class='ocrx_word' id='word_1_226' title='bbox 1806 2479 1995 2529; x_wconf 80' lang='lat' dir='ltr'><strong>Sched.</strong></span> <span class='ocrx_word' id='word_1_227' title='bbox 2033 2476 2173 2528; x_wconf 86' lang='lat' dir='ltr'><strong>Gud.</strong></span> <span class='ocrx_word' id='word_1_228' title='bbox 2211 2475 2333 2523; x_wconf 80' lang='lat' dir='ltr'><strong>Var.</strong></span> <span class='ocrx_word' id='word_1_229' title='bbox 2358 2474 2465 2523; x_wconf 88' lang='lat' dir='ltr'><strong>LL.</strong></span> 
     </span>
     <span class='ocr_line' id='line_1_25' title="bbox 252 2537 2463 2611; baseline -0.005 -14"><span class='ocrx_word' id='word_1_230' title='bbox 252 2548 331 2597; x_wconf 85' lang='lat' dir='ltr'><strong>ed.</strong></span> <span class='ocrx_word' id='word_1_231' title='bbox 356 2548 522 2601; x_wconf 84' lang='lat' dir='ltr'><strong>Antv.</strong></span> <span class='ocrx_word' id='word_1_232' title='bbox 547 2552 633 2601; x_wconf 87' lang='lat' dir='ltr'><strong>ed.</strong></span> <span class='ocrx_word' id='word_1_233' title='bbox 656 2552 835 2602; x_wconf 85' lang='lat' dir='ltr'><strong>Vicet.</strong></span> <span class='ocrx_word' id='word_1_234' title='bbox 858 2553 1033 2604; x_wconf 76' lang='lat' dir='ltr'><strong>Parin.</strong></span> <span class='ocrx_word' id='word_1_235' title='bbox 1053 2553 1204 2603; x_wconf 85' lang='lat' dir='ltr'><strong>Junt.</strong></span> <span class='ocrx_word' id='word_1_236' title='bbox 1228 2552 1395 2600; x_wconf 79' lang='lat' dir='ltr'><strong>Colin.</strong></span> <span class='ocrx_word' id='word_1_237' title='bbox 1421 2551 1488 2600; x_wconf 86' lang='lat' dir='ltr'><strong>al.</strong></span> <span class='ocrx_word' id='word_1_238' title='bbox 1554 2561 1783 2611; x_wconf 72' lang='lat' dir='ltr'><strong>nusquam</strong></span> <span class='ocrx_word' id='word_1_239' title='bbox 1803 2547 1887 2594; x_wconf 79' lang='lat' dir='ltr'><strong>vel</strong></span> <span class='ocrx_word' id='word_1_240' title='bbox 1908 2557 2144 2607; x_wconf 75' lang='lat' dir='ltr'><strong>nunquam</strong></span> <span class='ocrx_word' id='word_1_241' title='bbox 2165 2541 2293 2604; x_wconf 87' lang='lat' dir='ltr'><strong>Reg.</strong></span> <span class='ocrx_word' id='word_1_242' title='bbox 2315 2537 2463 2589; x_wconf 88' lang='lat' dir='ltr'><strong>Med.</strong></span> 
     </span>
    </p>
   </div>
   <div class='ocr_carea' id='block_1_6' title="bbox 1255 2685 1478 2766">
    <p class='ocr_par' dir='ltr' id='par_1_9' title="bbox 1255 2685 1478 2766">
     <span class='ocr_line' id='line_1_26' title="bbox 1255 2685 1478 2766; baseline -0.004 0"><span class='ocrx_word' id='word_1_243' title='bbox 1255 2685 1478 2766; x_wconf 71' lang='lat' dir='ltr'><strong>NorAE</strong></span> 
     </span>
    </p>
   </div>
   <div class='ocr_carea' id='block_1_7' title="bbox 252 2825 1324 2969">
    <p class='ocr_par' dir='ltr' id='par_1_10' title="bbox 252 2825 1324 2969">
     <span class='ocr_line' id='line_1_27' title="bbox 253 2825 1322 2894; baseline 0.003 -18"><span class='ocrx_word' id='word_1_244' title='bbox 253 2825 423 2877; x_wconf 81' lang='lat' dir='ltr'><strong>Rufini</strong></span> <span class='ocrx_word' id='word_1_245' title='bbox 446 2827 726 2892; x_wconf 79' lang='lat' dir='ltr'><strong>discerptae</strong></span> <span class='ocrx_word' id='word_1_246' title='bbox 757 2835 1069 2894; x_wconf 83' lang='lat' dir='ltr'><strong>sparguntur</strong></span> <span class='ocrx_word' id='word_1_247' title='bbox 1102 2830 1322 2894; x_wconf 86' lang='lat' dir='ltr'><strong>pedibus</strong></span> 
     </span>
     <span class='ocr_line' id='line_1_28' title="bbox 252 2904 1324 2969; baseline 0.005 -17"><span class='ocrx_word' id='word_1_248' title='bbox 252 2904 639 2967; x_wconf 75' lang='lat' dir='ltr'><strong>proculcandae.</strong></span> <span class='ocrx_word' id='word_1_249' title='bbox 736 2904 885 2969; x_wconf 76' lang='grc' dir='ltr'><strong>Δρυὸς</strong></span> <span class='ocrx_word' id='word_1_250' title='bbox 937 2904 1173 2967; x_wconf 74' lang='grc' dir='ltr'><strong><em>πεσούσης</em></strong></span> <span class='ocrx_word' id='word_1_251' title='bbox 1232 2908 1324 2956; x_wconf 75' lang='grc' dir='ltr'><strong>πᾶς</strong></span> 
     </span>
    </p>
   </div>
   <div class='ocr_carea' id='block_1_8' title="bbox 222 2977 1323 3122">
    <p class='ocr_par' dir='ltr' id='par_1_11' title="bbox 222 2977 1323 3122">
     <span class='ocr_line' id='line_1_29' title="bbox 253 2977 1323 3047; baseline 0.006 -20"><span class='ocrx_word' id='word_1_252' title='bbox 253 2977 364 3044; x_wconf 76' lang='grc' dir='ltr'><strong><em>ἆνὴρ</em></strong></span> <span class='ocrx_word' id='word_1_253' title='bbox 399 2979 684 3042; x_wconf 55' lang='lat' dir='ltr'><strong>{intebea-at:</strong></span> <span class='ocrx_word' id='word_1_254' title='bbox 744 2983 810 3031; x_wconf 81' lang='lat' dir='ltr'><strong>Ut</strong></span> <span class='ocrx_word' id='word_1_255' title='bbox 835 2986 966 3047; x_wconf 78' lang='lat' dir='ltr'><strong>lapsa</strong></span> <span class='ocrx_word' id='word_1_256' title='bbox 988 2999 1199 3047; x_wconf 75' lang='lat' dir='ltr'><strong>quercus,</strong></span> <span class='ocrx_word' id='word_1_257' title='bbox 1226 2998 1323 3033; x_wconf 84' lang='lat' dir='ltr'><strong>om·</strong></span> 
     </span>
     <span class='ocr_line' id='line_1_30' title="bbox 222 3057 789 3122; baseline 0.004 -17"><span class='ocrx_word' id='word_1_258' title='bbox 222 3121 235 3122; x_wconf 18' lang='grc' dir='ltr'><strong><em>ἡ</em></strong></span> <span class='ocrx_word' id='word_1_259' title='bbox 253 3057 325 3105; x_wconf 76' lang='lat' dir='ltr'><strong>nis</strong></span> <span class='ocrx_word' id='word_1_260' title='bbox 346 3058 468 3107; x_wconf 74' lang='lat' dir='ltr'><strong>hanc</strong></span> <span class='ocrx_word' id='word_1_261' title='bbox 490 3060 625 3107; x_wconf 75' lang='lat' dir='ltr'><strong>homo</strong></span> <span class='ocrx_word' id='word_1_262' title='bbox 646 3064 789 3107; x_wconf 79' lang='lat' dir='ltr'><strong>secat.</strong></span> 
     </span>
    </p>
   </div>
   <div class='ocr_carea' id='block_1_9' title="bbox 258 3134 1334 3970">
    <p class='ocr_par' dir='ltr' id='par_1_12' title="bbox 258 3134 1328 3741">
     <span class='ocr_line' id='line_1_31' title="bbox 314 3134 1326 3199; baseline 0.001 -15"><span class='ocrx_word' id='word_1_263' title='bbox 314 3138 411 3184; x_wconf 80' lang='lat'><strong>448</strong></span> <span class='ocrx_word' id='word_1_264' title='bbox 451 3134 759 3199; x_wconf 75' lang='lat' dir='ltr'><strong>Pyramides]</strong></span> <span class='ocrx_word' id='word_1_265' title='bbox 809 3135 1045 3199; x_wconf 86' lang='lat' dir='ltr'><strong>Pyramis</strong></span> <span class='ocrx_word' id='word_1_266' title='bbox 1064 3143 1147 3186; x_wconf 80' lang='lat' dir='ltr'><strong>est</strong></span> <span class='ocrx_word' id='word_1_267' title='bbox 1169 3137 1326 3185; x_wconf 86' lang='lat' dir='ltr'><strong>turris</strong></span> 
     </span>
     <span class='ocr_line' id='line_1_32' title="bbox 259 3212 1324 3276; baseline 0.002 -16"><span class='ocrx_word' id='word_1_268' title='bbox 259 3225 369 3276; x_wconf 82' lang='lat' dir='ltr'><strong>quae</strong></span> <span class='ocrx_word' id='word_1_269' title='bbox 395 3212 592 3261; x_wconf 82' lang='lat' dir='ltr'><strong>desinit</strong></span> <span class='ocrx_word' id='word_1_270' title='bbox 615 3214 665 3260; x_wconf 90' lang='lat' dir='ltr'><strong>in</strong></span> <span class='ocrx_word' id='word_1_271' title='bbox 697 3212 910 3276; x_wconf 86' lang='lat' dir='ltr'><strong>figuram</strong></span> <span class='ocrx_word' id='word_1_272' title='bbox 935 3215 1070 3263; x_wconf 87' lang='lat' dir='ltr'><strong>coni.</strong></span> <span class='ocrx_word' id='word_1_273' title='bbox 1135 3214 1223 3262; x_wconf 89' lang='lat' dir='ltr'><strong>Sic</strong></span> <span class='ocrx_word' id='word_1_274' title='bbox 1248 3213 1324 3262; x_wconf 89' lang='lat' dir='ltr'><strong>di-</strong></span> 
     </span>
     <span class='ocr_line' id='line_1_33' title="bbox 258 3288 1323 3354; baseline -0.001 -15"><span class='ocrx_word' id='word_1_275' title='bbox 258 3291 407 3352; x_wconf 88' lang='lat' dir='ltr'><strong>citur,</strong></span> <span class='ocrx_word' id='word_1_276' title='bbox 428 3288 525 3339; x_wconf 74' lang='grc' dir='ltr'><strong>ἀπὸ</strong></span> <span class='ocrx_word' id='word_1_277' title='bbox 545 3292 634 3338; x_wconf 75' lang='grc' dir='ltr'><strong>τοῦ</strong></span> <span class='ocrx_word' id='word_1_278' title='bbox 652 3288 816 3353; x_wconf 73' lang='grc' dir='ltr'><strong><em>πυρὸς,</em></strong></span> <span class='ocrx_word' id='word_1_279' title='bbox 836 3290 895 3339; x_wconf 80' lang='lat' dir='ltr'><strong>ab</strong></span> <span class='ocrx_word' id='word_1_280' title='bbox 917 3291 1048 3352; x_wconf 80' lang='lat' dir='ltr'><strong>igne,</strong></span> <span class='ocrx_word' id='word_1_281' title='bbox 1087 3291 1231 3354; x_wconf 85' lang='lat' dir='ltr'><strong>cnjus</strong></span> <span class='ocrx_word' id='word_1_282' title='bbox 1264 3289 1323 3338; x_wconf 90' lang='lat' dir='ltr'><strong>fi-</strong></span> 
     </span>
     <span class='ocr_line' id='line_1_34' title="bbox 259 3365 1326 3432; baseline 0 -16"><span class='ocrx_word' id='word_1_283' title='bbox 259 3381 431 3430; x_wconf 79' lang='lat' dir='ltr'><strong>guram</strong></span> <span class='ocrx_word' id='word_1_284' title='bbox 470 3369 726 3417; x_wconf 83' lang='lat' dir='ltr'><strong>imitatur.</strong></span> <span class='ocrx_word' id='word_1_285' title='bbox 807 3370 1051 3418; x_wconf 84' lang='lat' dir='ltr'><strong>Ceterum</strong></span> <span class='ocrx_word' id='word_1_286' title='bbox 1093 3365 1326 3432; x_wconf 81' lang='lat' dir='ltr'><strong>Pyrami-</strong></span> 
     </span>
     <span class='ocr_line' id='line_1_35' title="bbox 258 3444 1324 3509; baseline -0.003 -14"><span class='ocrx_word' id='word_1_287' title='bbox 258 3444 345 3495; x_wconf 81' lang='lat' dir='ltr'><strong>des</strong></span> <span class='ocrx_word' id='word_1_288' title='bbox 367 3446 725 3509; x_wconf 80' lang='lat' dir='ltr'><strong>erigebantur,</strong></span> <span class='ocrx_word' id='word_1_289' title='bbox 749 3445 814 3493; x_wconf 82' lang='lat' dir='ltr'><strong>ad</strong></span> <span class='ocrx_word' id='word_1_290' title='bbox 838 3445 1095 3494; x_wconf 86' lang='lat' dir='ltr'><strong>servanda</strong></span> <span class='ocrx_word' id='word_1_291' title='bbox 1125 3447 1324 3508; x_wconf 80' lang='lat' dir='ltr'><strong>Regum</strong></span> 
     </span>
     <span class='ocr_line' id='line_1_36' title="bbox 263 3520 1325 3584; baseline -0.004 -12"><span class='ocrx_word' id='word_1_292' title='bbox 263 3522 536 3584; x_wconf 81' lang='lat' dir='ltr'><strong>cadavera,</strong></span> <span class='ocrx_word' id='word_1_293' title='bbox 558 3531 615 3572; x_wconf 86' lang='lat' dir='ltr'><strong>et</strong></span> <span class='ocrx_word' id='word_1_294' title='bbox 638 3528 787 3571; x_wconf 87' lang='lat' dir='ltr'><strong>erant</strong></span> <span class='ocrx_word' id='word_1_295' title='bbox 815 3522 1116 3570; x_wconf 79' lang='lat' dir='ltr'><strong>Mausolea:</strong></span> <span class='ocrx_word' id='word_1_296' title='bbox 1156 3522 1236 3569; x_wconf 85' lang='lat' dir='ltr'><strong>vel</strong></span> <span class='ocrx_word' id='word_1_297' title='bbox 1260 3520 1325 3568; x_wconf 88' lang='lat' dir='ltr'><strong>ad</strong></span> 
     </span>
     <span class='ocr_line' id='line_1_37' title="bbox 262 3596 1328 3662; baseline -0.002 -15"><span class='ocrx_word' id='word_1_298' title='bbox 262 3603 512 3648; x_wconf 85' lang='lat' dir='ltr'><strong>servanda</strong></span> <span class='ocrx_word' id='word_1_299' title='bbox 528 3614 720 3662; x_wconf 82' lang='lat' dir='ltr'><strong>grana3</strong></span> <span class='ocrx_word' id='word_1_300' title='bbox 745 3605 800 3648; x_wconf 89' lang='lat' dir='ltr'><strong>et</strong></span> <span class='ocrx_word' id='word_1_301' title='bbox 825 3605 933 3647; x_wconf 89' lang='lat' dir='ltr'><strong>tum</strong></span> <span class='ocrx_word' id='word_1_302' title='bbox 958 3597 1220 3659; x_wconf 77' lang='lat' dir='ltr'><strong>dicuntur,</strong></span> <span class='ocrx_word' id='word_1_303' title='bbox 1236 3596 1328 3645; x_wconf 72' lang='grc' dir='ltr'><strong>ἀπὸ</strong></span> 
     </span>
     <span class='ocr_line' id='line_1_38' title="bbox 262 3674 1052 3741; baseline 0 -17"><span class='ocrx_word' id='word_1_304' title='bbox 262 3678 343 3724; x_wconf 82' lang='grc' dir='ltr'><strong>τοῦ</strong></span> <span class='ocrx_word' id='word_1_305' title='bbox 361 3678 525 3741; x_wconf 70' lang='grc' dir='ltr'><strong>πυροῦ,</strong></span> <span class='ocrx_word' id='word_1_306' title='bbox 548 3677 600 3724; x_wconf 82' lang='lat' dir='ltr'><strong>id</strong></span> <span class='ocrx_word' id='word_1_307' title='bbox 625 3683 725 3734; x_wconf 87' lang='lat' dir='ltr'><strong>est,</strong></span> <span class='ocrx_word' id='word_1_308' title='bbox 747 3692 778 3724; x_wconf 84' lang='lat' dir='ltr'><strong>a</strong></span> <span class='ocrx_word' id='word_1_309' title='bbox 787 3674 1052 3735; x_wconf 77' lang='lat' dir='ltr'><strong>frumento.</strong></span> 
     </span>
    </p>

    <p class='ocr_par' dir='ltr' id='par_1_13' title="bbox 265 3750 1334 3970">
     <span class='ocr_line' id='line_1_39' title="bbox 322 3750 1329 3815; baseline -0.005 -12"><span class='ocrx_word' id='word_1_310' title='bbox 322 3757 418 3803; x_wconf 75' lang='lat'><strong>448</strong></span> <span class='ocrx_word' id='word_1_311' title='bbox 453 3755 569 3802; x_wconf 73' lang='lat' dir='ltr'><strong>Nem</strong></span> <span class='ocrx_word' id='word_1_312' title='bbox 589 3754 805 3802; x_wconf 64' lang='lat' dir='ltr'><strong>cedentia</strong></span> <span class='ocrx_word' id='word_1_313' title='bbox 819 3753 1030 3815; x_wconf 78' lang='lat' dir='ltr'><strong>templis]</strong></span> <span class='ocrx_word' id='word_1_314' title='bbox 1082 3750 1204 3799; x_wconf 83' lang='lat' dir='ltr'><strong>Fuit</strong></span> <span class='ocrx_word' id='word_1_315' title='bbox 1227 3751 1329 3799; x_wconf 86' lang='lat' dir='ltr'><strong>Ro-</strong></span> 
     </span>
     <span class='ocr_line' id='line_1_40' title="bbox 265 3828 1334 3897; baseline -0.007 -16"><span class='ocrx_word' id='word_1_316' title='bbox 265 3846 357 3882; x_wconf 80' lang='lat' dir='ltr'><strong>mae</strong></span> <span class='ocrx_word' id='word_1_317' title='bbox 392 3833 693 3897; x_wconf 83' lang='lat' dir='ltr'><strong>sepulcrum</strong></span> <span class='ocrx_word' id='word_1_318' title='bbox 735 3829 913 3890; x_wconf 85' lang='lat' dir='ltr'><strong>Probi,</strong></span> <span class='ocrx_word' id='word_1_319' title='bbox 963 3829 1059 3877; x_wconf 87' lang='lat' dir='ltr'><strong>viri</strong></span> <span class='ocrx_word' id='word_1_320' title='bbox 1098 3828 1334 3890; x_wconf 74' lang='lat' dir='ltr'><strong>illustris,</strong></span> 
     </span>
     <span class='ocr_line' id='line_1_41' title="bbox 265 3904 1331 3970; baseline -0.005 -12"><span class='ocrx_word' id='word_1_321' title='bbox 265 3910 393 3958; x_wconf 82' lang='lat' dir='ltr'><strong>mole</strong></span> <span class='ocrx_word' id='word_1_322' title='bbox 428 3924 526 3957; x_wconf 86' lang='lat' dir='ltr'><strong>sua</strong></span> <span class='ocrx_word' id='word_1_323' title='bbox 569 3915 625 3957; x_wconf 89' lang='lat' dir='ltr'><strong>et</strong></span> <span class='ocrx_word' id='word_1_324' title='bbox 667 3922 825 3970; x_wconf 87' lang='lat' dir='ltr'><strong>opere</strong></span> <span class='ocrx_word' id='word_1_325' title='bbox 858 3904 1235 3967; x_wconf 85' lang='lat' dir='ltr'><strong>admirandum,</strong></span> <span class='ocrx_word' id='word_1_326' title='bbox 1274 3910 1331 3954; x_wconf 88' lang='lat' dir='ltr'><strong>et</strong></span> 
     </span>
    </p>
   </div>
   <div class='ocr_carea' id='block_1_10' title="bbox 162 3984 912 4051">
    <p class='ocr_par' dir='ltr' id='par_1_14' title="bbox 162 3984 912 4051">
     <span class='ocr_line' id='line_1_42' title="bbox 162 3984 912 4051; baseline -0.007 -15"><span class='ocrx_word' id='word_1_327' title='bbox 162 4041 167 4045; x_wconf 60' lang='grc'><strong><em>,</em></strong></span> <span class='ocrx_word' id='word_1_328' title='bbox 267 3987 467 4051; x_wconf 79' lang='lat' dir='ltr'><strong>templis</strong></span> <span class='ocrx_word' id='word_1_329' title='bbox 493 4001 595 4034; x_wconf 90' lang='lat' dir='ltr'><strong>non</strong></span> <span class='ocrx_word' id='word_1_330' title='bbox 622 3984 857 4034; x_wconf 84' lang='lat' dir='ltr'><strong>inferius.</strong></span> <span class='ocrx_word' id='word_1_331' title='bbox 908 4028 912 4031; x_wconf 14' lang='grc' dir='ltr'><em>Α</em></span> 
     </span>
    </p>
   </div>
   <div class='ocr_carea' id='block_1_11' title="bbox 267 4061 1334 4436">
    <p class='ocr_par' dir='ltr' id='par_1_15' title="bbox 267 4061 1334 4436">
     <span class='ocr_line' id='line_1_43' title="bbox 324 4061 1332 4127; baseline -0.008 -10"><span class='ocrx_word' id='word_1_332' title='bbox 324 4070 419 4117; x_wconf 82' lang='grc'><strong>449</strong></span> <span class='ocrx_word' id='word_1_333' title='bbox 445 4063 719 4127; x_wconf 69' lang='lat' dir='ltr'><strong>Ornatur-a]</strong></span> <span class='ocrx_word' id='word_1_334' title='bbox 750 4063 1056 4127; x_wconf 80' lang='lat' dir='ltr'><strong>Pyramides</strong></span> <span class='ocrx_word' id='word_1_335' title='bbox 1074 4076 1165 4111; x_wconf 85' lang='lat' dir='ltr'><strong>sen</strong></span> <span class='ocrx_word' id='word_1_336' title='bbox 1182 4061 1332 4110; x_wconf 85' lang='lat' dir='ltr'><strong>Mau·</strong></span> 
     </span>
     <span class='ocr_line' id='line_1_44' title="bbox 267 4142 1333 4192; baseline -0.007 0"><span class='ocrx_word' id='word_1_337' title='bbox 267 4143 402 4192; x_wconf 78' lang='lat' dir='ltr'><strong>solea</strong></span> <span class='ocrx_word' id='word_1_338' title='bbox 421 4158 451 4191; x_wconf 90' lang='lat' dir='ltr'><strong>a</strong></span> <span class='ocrx_word' id='word_1_339' title='bbox 479 4142 665 4191; x_wconf 82' lang='lat' dir='ltr'><strong>Rufino</strong></span> <span class='ocrx_word' id='word_1_340' title='bbox 691 4149 962 4188; x_wconf 82' lang='lat' dir='ltr'><strong>exstructa</strong></span> <span class='ocrx_word' id='word_1_341' title='bbox 997 4153 1095 4188; x_wconf 87' lang='lat' dir='ltr'><strong>non</strong></span> <span class='ocrx_word' id='word_1_342' title='bbox 1119 4151 1333 4187; x_wconf 85' lang='lat' dir='ltr'><strong>ornave-</strong></span> 
     </span>
     <span class='ocr_line' id='line_1_45' title="bbox 269 4215 1331 4284; baseline -0.008 -14"><span class='ocrx_word' id='word_1_343' title='bbox 269 4228 381 4270; x_wconf 81' lang='lat' dir='ltr'><strong>runt</strong></span> <span class='ocrx_word' id='word_1_344' title='bbox 402 4221 564 4284; x_wconf 72' lang='lat' dir='ltr'><strong>ip=ius</strong></span> <span class='ocrx_word' id='word_1_345' title='bbox 586 4233 795 4281; x_wconf 72' lang='lat' dir='ltr'><strong>corpus,</strong></span> <span class='ocrx_word' id='word_1_346' title='bbox 815 4215 1064 4282; x_wconf 81' lang='lat' dir='ltr'><strong>siqnidem</strong></span> <span class='ocrx_word' id='word_1_347' title='bbox 1104 4217 1331 4279; x_wconf 85' lang='lat' dir='ltr'><strong>discerp-</strong></span> 
     </span>
     <span class='ocr_line' id='line_1_46' title="bbox 270 4294 1330 4360; baseline -0.007 -13"><span class='ocrx_word' id='word_1_348' title='bbox 270 4303 372 4347; x_wconf 86' lang='lat' dir='ltr'><strong>tum</strong></span> <span class='ocrx_word' id='word_1_349' title='bbox 408 4308 511 4360; x_wconf 86' lang='lat' dir='ltr'><strong>est,</strong></span> <span class='ocrx_word' id='word_1_350' title='bbox 534 4308 589 4345; x_wconf 83' lang='lat' dir='ltr'><strong>et</strong></span> <span class='ocrx_word' id='word_1_351' title='bbox 626 4310 720 4360; x_wconf 88' lang='lat' dir='ltr'><strong>per</strong></span> <span class='ocrx_word' id='word_1_352' title='bbox 755 4295 981 4357; x_wconf 82' lang='lat' dir='ltr'><strong>compita</strong></span> <span class='ocrx_word' id='word_1_353' title='bbox 1006 4294 1330 4356; x_wconf 86' lang='lat' dir='ltr'><strong>dispersnm;</strong></span> 
     </span>
     <span class='ocr_line' id='line_1_47' title="bbox 269 4370 1334 4436; baseline -0.008 -9"><span class='ocrx_word' id='word_1_354' title='bbox 269 4374 357 4426; x_wconf 73' lang='lat' dir='ltr'><strong>sed</strong></span> <span class='ocrx_word' id='word_1_355' title='bbox 377 4379 581 4427; x_wconf 74' lang='lat' dir='ltr'><strong>tantum</strong></span> <span class='ocrx_word' id='word_1_356' title='bbox 603 4375 921 4424; x_wconf 84' lang='lat' dir='ltr'><strong>ornaverunt</strong></span> <span class='ocrx_word' id='word_1_357' title='bbox 958 4370 1124 4436; x_wconf 84' lang='lat' dir='ltr'><strong>ipsius</strong></span> <span class='ocrx_word' id='word_1_358' title='bbox 1145 4370 1334 4434; x_wconf 67' lang='lat' dir='ltr'><strong>Mmeo,</strong></span> 
     </span>
    </p>
   </div>
   <div class='ocr_carea' id='block_1_12' title="bbox 1402 2827 2474 3337">
    <p class='ocr_par' dir='ltr' id='par_1_16' title="bbox 1402 2827 2474 3337">
     <span class='ocr_line' id='line_1_48' title="bbox 1402 2827 2383 2879; baseline -0.01 0"><span class='ocrx_word' id='word_1_359' title='bbox 1402 2845 1495 2879; x_wconf 80' lang='lat' dir='ltr'><strong>seu</strong></span> <span class='ocrx_word' id='word_1_360' title='bbox 1518 2827 1830 2878; x_wconf 82' lang='lat' dir='ltr'><strong>memoriam.</strong></span> <span class='ocrx_word' id='word_1_361' title='bbox 2380 2856 2383 2859; x_wconf 78' lang='lat'>-</span> 
     </span>
     <span class='ocr_line' id='line_1_49' title="bbox 1467 2891 2469 2970; baseline -0.019 -12"><span class='ocrx_word' id='word_1_362' title='bbox 1467 2913 1564 2958; x_wconf 75' lang='lat'><strong>450</strong></span> <span class='ocrx_word' id='word_1_363' title='bbox 1601 2906 1767 2970; x_wconf 80' lang='lat' dir='ltr'><strong>Ostro]</strong></span> <span class='ocrx_word' id='word_1_364' title='bbox 1800 2899 1904 2954; x_wconf 81' lang='lat' dir='ltr'><strong>Qui</strong></span> <span class='ocrx_word' id='word_1_365' title='bbox 1923 2895 2148 2950; x_wconf 87' lang='lat' dir='ltr'><strong>credidit</strong></span> <span class='ocrx_word' id='word_1_366' title='bbox 2164 2910 2220 2944; x_wconf 89' lang='lat' dir='ltr'><strong>se</strong></span> <span class='ocrx_word' id='word_1_367' title='bbox 2236 2891 2469 2943; x_wconf 86' lang='lat' dir='ltr'><strong>futurum</strong></span> 
     </span>
     <span class='ocr_line' id='line_1_50' title="bbox 1402 2969 2471 3047; baseline -0.017 -13"><span class='ocrx_word' id='word_1_368' title='bbox 1402 2985 1800 3047; x_wconf 83' lang='lat' dir='ltr'><strong>Imperatorem,</strong></span> <span class='ocrx_word' id='word_1_369' title='bbox 1838 2992 1898 3026; x_wconf 86' lang='lat' dir='ltr'><strong>ac</strong></span> <span class='ocrx_word' id='word_1_370' title='bbox 1939 2974 2157 3040; x_wconf 86' lang='lat' dir='ltr'><strong>proinde</strong></span> <span class='ocrx_word' id='word_1_371' title='bbox 2196 2969 2471 3020; x_wconf 79' lang='lat' dir='ltr'><strong>velandum</strong></span> 
     </span>
     <span class='ocr_line' id='line_1_51' title="bbox 1404 3048 2286 3122; baseline -0.011 -14"><span class='ocrx_word' id='word_1_372' title='bbox 1404 3074 1518 3108; x_wconf 79' lang='lat' dir='ltr'><strong>esse</strong></span> <span class='ocrx_word' id='word_1_373' title='bbox 1540 3072 1789 3122; x_wconf 82' lang='lat' dir='ltr'><strong>purpura,</strong></span> <span class='ocrx_word' id='word_1_374' title='bbox 1810 3054 1872 3103; x_wconf 87' lang='lat' dir='ltr'><strong>fit</strong></span> <span class='ocrx_word' id='word_1_375' title='bbox 1895 3054 2062 3102; x_wconf 88' lang='lat' dir='ltr'><strong>avium</strong></span> <span class='ocrx_word' id='word_1_376' title='bbox 2091 3048 2286 3114; x_wconf 80' lang='lat' dir='ltr'><strong>praeda.</strong></span> 
     </span>
     <span class='ocr_line' id='line_1_52' title="bbox 1468 3122 2474 3197; baseline -0.014 -13"><span class='ocrx_word' id='word_1_377' title='bbox 1468 3134 1691 3197; x_wconf 76' lang='lat' dir='ltr'><strong>Sidonio]</strong></span> <span class='ocrx_word' id='word_1_378' title='bbox 1759 3131 1842 3181; x_wconf 87' lang='lat' dir='ltr'><strong>Ab</strong></span> <span class='ocrx_word' id='word_1_379' title='bbox 1867 3131 1990 3177; x_wconf 83' lang='lat' dir='ltr'><strong>urbe</strong></span> <span class='ocrx_word' id='word_1_380' title='bbox 2030 3128 2222 3177; x_wconf 82' lang='lat' dir='ltr'><strong>Sidone</strong></span> <span class='ocrx_word' id='word_1_381' title='bbox 2244 3124 2294 3173; x_wconf 87' lang='lat' dir='ltr'><strong>in</strong></span> <span class='ocrx_word' id='word_1_382' title='bbox 2317 3122 2474 3171; x_wconf 84' lang='lat' dir='ltr'><strong>Phoe-</strong></span> 
     </span>
     <span class='ocr_line' id='line_1_53' title="bbox 1403 3197 2474 3274; baseline -0.016 -12"><span class='ocrx_word' id='word_1_383' title='bbox 1403 3214 1559 3274; x_wconf 89' lang='lat' dir='ltr'><strong>nicia,</strong></span> <span class='ocrx_word' id='word_1_384' title='bbox 1582 3211 1722 3261; x_wconf 84' lang='lat' dir='ltr'><strong>Asiae</strong></span> <span class='ocrx_word' id='word_1_385' title='bbox 1749 3219 1917 3273; x_wconf 73' lang='lat' dir='ltr'><strong>parte,</strong></span> <span class='ocrx_word' id='word_1_386' title='bbox 1941 3206 2029 3254; x_wconf 88' lang='lat' dir='ltr'><strong>ubi</strong></span> <span class='ocrx_word' id='word_1_387' title='bbox 2048 3214 2271 3267; x_wconf 80' lang='lat' dir='ltr'><strong>purpura</strong></span> <span class='ocrx_word' id='word_1_388' title='bbox 2297 3197 2474 3262; x_wconf 82' lang='lat' dir='ltr'><strong>exqui-</strong></span> 
     </span>
     <span class='ocr_line' id='line_1_54' title="bbox 1404 3285 2464 3337; baseline -0.011 0"><span class='ocrx_word' id='word_1_389' title='bbox 1404 3292 1522 3337; x_wconf 86' lang='lat' dir='ltr'><strong>sita.</strong></span> <span class='ocrx_word' id='word_1_390' title='bbox 2461 3285 2464 3288; x_wconf 85' lang='lat'>&#39;</span> 
     </span>
    </p>
   </div>
   <div class='ocr_carea' id='block_1_13' title="bbox 1470 3351 2475 3423">
    <p class='ocr_par' dir='ltr' id='par_1_17' title="bbox 1470 3351 2475 3423">
     <span class='ocr_line' id='line_1_55' title="bbox 1470 3351 2475 3423; baseline -0.013 -10"><span class='ocrx_word' id='word_1_391' title='bbox 1470 3369 1563 3414; x_wconf 83' lang='lat'><strong>451</strong></span> <span class='ocrx_word' id='word_1_392' title='bbox 1602 3359 1843 3423; x_wconf 76' lang='lat' dir='ltr'><strong>Possidet]</strong></span> <span class='ocrx_word' id='word_1_393' title='bbox 1908 3358 2103 3407; x_wconf 83' lang='lat' dir='ltr'><strong>Ironia.</strong></span> <span class='ocrx_word' id='word_1_394' title='bbox 2170 3356 2249 3404; x_wconf 88' lang='lat' dir='ltr'><strong>En</strong></span> <span class='ocrx_word' id='word_1_395' title='bbox 2272 3351 2475 3402; x_wconf 74' lang='lat' dir='ltr'><strong>scilicet</strong></span> 
     </span>
    </p>
   </div>
   <div class='ocr_carea' id='block_1_14' title="bbox 1377 3436 2475 3504">
    <p class='ocr_par' dir='ltr' id='par_1_18' title="bbox 1377 3436 2475 3504">
     <span class='ocr_line' id='line_1_56' title="bbox 1377 3436 2475 3504; baseline -0.013 -13"><span class='ocrx_word' id='word_1_396' title='bbox 1377 3463 1381 3468; x_wconf 93' lang='lat'><em>·</em></span> <span class='ocrx_word' id='word_1_397' title='bbox 1405 3442 1495 3490; x_wconf 81' lang='lat' dir='ltr'><strong>ine</strong></span> <span class='ocrx_word' id='word_1_398' title='bbox 1510 3441 1674 3504; x_wconf 85' lang='lat' dir='ltr'><strong>jacet,</strong></span> <span class='ocrx_word' id='word_1_399' title='bbox 1692 3438 1778 3503; x_wconf 84' lang='lat' dir='ltr'><strong>qni</strong></span> <span class='ocrx_word' id='word_1_400' title='bbox 1797 3436 2021 3501; x_wconf 88' lang='lat' dir='ltr'><strong>putabat</strong></span> <span class='ocrx_word' id='word_1_401' title='bbox 2041 3449 2097 3484; x_wconf 88' lang='lat' dir='ltr'><strong>se</strong></span> <span class='ocrx_word' id='word_1_402' title='bbox 2115 3444 2475 3497; x_wconf 84' lang='lat' dir='ltr'><strong>possessurum</strong></span> 
     </span>
    </p>
   </div>
   <div class='ocr_carea' id='block_1_15' title="bbox 1407 3515 2500 4339">
    <p class='ocr_par' dir='ltr' id='par_1_19' title="bbox 1407 3515 1943 3570">
     <span class='ocr_line' id='line_1_57' title="bbox 1407 3515 1943 3570; baseline -0.011 -2"><span class='ocrx_word' id='word_1_403' title='bbox 1407 3534 1521 3570; x_wconf 83' lang='lat' dir='ltr'><strong>esse</strong></span> <span class='ocrx_word' id='word_1_404' title='bbox 1547 3527 1712 3569; x_wconf 75' lang='lat' dir='ltr'><strong>totum</strong></span> <span class='ocrx_word' id='word_1_405' title='bbox 1732 3515 1943 3566; x_wconf 87' lang='lat' dir='ltr'><strong>Orbem.</strong></span> 
     </span>
    </p>

    <p class='ocr_par' dir='ltr' id='par_1_20' title="bbox 1409 3579 2475 3735">
     <span class='ocr_line' id='line_1_58' title="bbox 1473 3579 2475 3650; baseline -0.017 -4"><span class='ocrx_word' id='word_1_406' title='bbox 1473 3600 1570 3646; x_wconf 79' lang='lat'><strong>452</strong></span> <span class='ocrx_word' id='word_1_407' title='bbox 1610 3596 1811 3642; x_wconf 75' lang='lat' dir='ltr'><strong>Pulvere</strong></span> <span class='ocrx_word' id='word_1_408' title='bbox 1831 3588 1965 3650; x_wconf 80' lang='lat' dir='ltr'><strong>raro]</strong></span> <span class='ocrx_word' id='word_1_409' title='bbox 2031 3587 2218 3642; x_wconf 82' lang='lat' dir='ltr'><strong>Partes</strong></span> <span class='ocrx_word' id='word_1_410' title='bbox 2243 3579 2475 3646; x_wconf 82' lang='lat' dir='ltr'><strong>corporis</strong></span> 
     </span>
     <span class='ocr_line' id='line_1_59' title="bbox 1409 3661 2396 3735; baseline -0.016 -13"><span class='ocrx_word' id='word_1_411' title='bbox 1409 3672 1659 3735; x_wconf 85' lang='lat' dir='ltr'><strong>discerpti</strong></span> <span class='ocrx_word' id='word_1_412' title='bbox 1683 3676 1931 3731; x_wconf 83' lang='lat' dir='ltr'><strong>teguntur</strong></span> <span class='ocrx_word' id='word_1_413' title='bbox 1954 3663 2142 3725; x_wconf 74' lang='lat' dir='ltr'><strong>exiguo</strong></span> <span class='ocrx_word' id='word_1_414' title='bbox 2167 3661 2396 3723; x_wconf 78' lang='lat' dir='ltr'><strong>pulvere.</strong></span> 
     </span>
    </p>

    <p class='ocr_par' dir='ltr' id='par_1_21' title="bbox 1410 3734 2481 4196">
     <span class='ocr_line' id='line_1_60' title="bbox 1449 3734 2479 3809; baseline -0.021 -7"><span class='ocrx_word' id='word_1_415' title='bbox 1449 3755 1570 3802; x_wconf 69' lang='lat'><strong>‚453</strong></span> <span class='ocrx_word' id='word_1_416' title='bbox 1608 3751 1852 3809; x_wconf 76' lang='lat' dir='ltr'><strong>Nusquam</strong></span> <span class='ocrx_word' id='word_1_417' title='bbox 1873 3738 2125 3804; x_wconf 70' lang='lat' dir='ltr'><strong>totiesque]</strong></span> <span class='ocrx_word' id='word_1_418' title='bbox 2173 3734 2343 3786; x_wconf 88' lang='lat' dir='ltr'><strong>Rufini</strong></span> <span class='ocrx_word' id='word_1_419' title='bbox 2367 3748 2479 3784; x_wconf 78' lang='lat' dir='ltr'><strong>cor-</strong></span> 
     </span>
     <span class='ocr_line' id='line_1_61' title="bbox 1410 3811 2478 3893; baseline -0.021 -14"><span class='ocrx_word' id='word_1_420' title='bbox 1410 3842 1508 3893; x_wconf 83' lang='lat' dir='ltr'><strong>pus</strong></span> <span class='ocrx_word' id='word_1_421' title='bbox 1531 3838 1780 3889; x_wconf 82' lang='lat' dir='ltr'><strong>nusquam</strong></span> <span class='ocrx_word' id='word_1_422' title='bbox 1804 3821 2065 3883; x_wconf 80' lang='lat' dir='ltr'><strong>sepultum</strong></span> <span class='ocrx_word' id='word_1_423' title='bbox 2095 3823 2192 3874; x_wconf 85' lang='lat' dir='ltr'><strong>est,</strong></span> <span class='ocrx_word' id='word_1_424' title='bbox 2223 3811 2478 3877; x_wconf 70' lang='lat' dir='ltr'><strong>etquidem</strong></span> 
     </span>
     <span class='ocr_line' id='line_1_62' title="bbox 1411 3888 2479 3965; baseline -0.019 -10"><span class='ocrx_word' id='word_1_425' title='bbox 1411 3906 1730 3965; x_wconf 85' lang='lat' dir='ltr'><strong>discerptum</strong></span> <span class='ocrx_word' id='word_1_426' title='bbox 1767 3907 1822 3948; x_wconf 87' lang='lat' dir='ltr'><strong>et</strong></span> <span class='ocrx_word' id='word_1_427' title='bbox 1859 3898 2145 3959; x_wconf 82' lang='lat' dir='ltr'><strong>dispersum</strong></span> <span class='ocrx_word' id='word_1_428' title='bbox 2172 3891 2286 3939; x_wconf 78' lang='lat' dir='ltr'><strong>est:</strong></span> <span class='ocrx_word' id='word_1_429' title='bbox 2322 3888 2479 3937; x_wconf 88' lang='lat' dir='ltr'><strong>toties</strong></span> 
     </span>
     <span class='ocr_line' id='line_1_63' title="bbox 1410 3969 2481 4038; baseline -0.02 -6"><span class='ocrx_word' id='word_1_430' title='bbox 1410 3990 1588 4031; x_wconf 89' lang='lat' dir='ltr'><strong>tamen</strong></span> <span class='ocrx_word' id='word_1_431' title='bbox 1633 3986 1709 4027; x_wconf 82' lang='lat' dir='ltr'><strong>est</strong></span> <span class='ocrx_word' id='word_1_432' title='bbox 1761 3975 2040 4038; x_wconf 85' lang='lat' dir='ltr'><strong>sepultum,</strong></span> <span class='ocrx_word' id='word_1_433' title='bbox 2083 3971 2202 4033; x_wconf 85' lang='lat' dir='ltr'><strong>quia</strong></span> <span class='ocrx_word' id='word_1_434' title='bbox 2255 3969 2481 4014; x_wconf 72' lang='lat' dir='ltr'><strong>iaeerata</strong></span> 
     </span>
     <span class='ocr_line' id='line_1_64' title="bbox 1412 4042 2480 4120; baseline -0.017 -13"><span class='ocrx_word' id='word_1_435' title='bbox 1412 4056 1645 4120; x_wconf 87' lang='lat' dir='ltr'><strong>corporis</strong></span> <span class='ocrx_word' id='word_1_436' title='bbox 1682 4054 1849 4102; x_wconf 84' lang='lat' dir='ltr'><strong>frusta</strong></span> <span class='ocrx_word' id='word_1_437' title='bbox 1874 4051 2010 4105; x_wconf 77' lang='lat' dir='ltr'><strong>hinc,</strong></span> <span class='ocrx_word' id='word_1_438' title='bbox 2035 4048 2174 4114; x_wconf 79' lang='lat' dir='ltr'><strong>inde,</strong></span> <span class='ocrx_word' id='word_1_439' title='bbox 2199 4042 2480 4091; x_wconf 78' lang='lat' dir='ltr'><strong>infeliciter</strong></span> 
     </span>
     <span class='ocr_line' id='line_1_65' title="bbox 1410 4124 2336 4196; baseline -0.019 -12"><span class='ocrx_word' id='word_1_440' title='bbox 1410 4135 1601 4196; x_wconf 82' lang='lat' dir='ltr'><strong>exiguo</strong></span> <span class='ocrx_word' id='word_1_441' title='bbox 1625 4132 1834 4194; x_wconf 78' lang='lat' dir='ltr'><strong>puivere</strong></span> <span class='ocrx_word' id='word_1_442' title='bbox 1856 4124 2181 4185; x_wconf 78' lang='lat' dir='ltr'><strong>semisepulta</strong></span> <span class='ocrx_word' id='word_1_443' title='bbox 2202 4125 2336 4168; x_wconf 87' lang='lat' dir='ltr'><strong>sunt.</strong></span> 
     </span>
    </p>

    <p class='ocr_par' dir='ltr' id='par_1_22' title="bbox 1411 4196 2500 4339">
     <span class='ocr_line' id='line_1_66' title="bbox 1477 4196 2500 4267; baseline -0.02 -6"><span class='ocrx_word' id='word_1_444' title='bbox 1477 4215 1573 4261; x_wconf 76' lang='grc'><strong>454</strong></span> <span class='ocrx_word' id='word_1_445' title='bbox 1610 4206 1853 4267; x_wconf 73' lang='lat' dir='ltr'><strong>convexa]</strong></span> <span class='ocrx_word' id='word_1_446' title='bbox 1920 4201 2118 4250; x_wconf 83' lang='lat' dir='ltr'><strong>Coelum</strong></span> <span class='ocrx_word' id='word_1_447' title='bbox 2142 4200 2377 4247; x_wconf 78' lang='lat' dir='ltr'><strong>laetatum</strong></span> <span class='ocrx_word' id='word_1_448' title='bbox 2398 4196 2500 4243; x_wconf 74' lang='lat' dir='ltr'><strong>est.</strong></span> 
     </span>
     <span class='ocr_line' id='line_1_67' title="bbox 1411 4267 2483 4339; baseline -0.014 -1"><span class='ocrx_word' id='word_1_449' title='bbox 1411 4302 1544 4337; x_wconf 84' lang='lat' dir='ltr'><strong>nece</strong></span> <span class='ocrx_word' id='word_1_450' title='bbox 1563 4283 1759 4335; x_wconf 81' lang='lat' dir='ltr'><strong>Rufini.</strong></span> <span class='ocrx_word' id='word_1_451' title='bbox 1825 4281 2048 4327; x_wconf 78' lang='lat' dir='ltr'><strong>Convexa</strong></span> <span class='ocrx_word' id='word_1_452' title='bbox 2065 4271 2404 4339; x_wconf 82' lang='lat' dir='ltr'><strong>explicuimus</strong></span> <span class='ocrx_word' id='word_1_453' title='bbox 2425 4267 2483 4323; x_wconf 75' lang='lat' dir='ltr'><strong>in&#39;</strong></span> 
     </span>
    </p>
   </div>
   <div class='ocr_carea' id='block_1_16' title="bbox 1415 4357 1963 4417">
    <p class='ocr_par' dir='ltr' id='par_1_23' title="bbox 1415 4357 1963 4417">
     <span class='ocr_line' id='line_1_68' title="bbox 1415 4357 1963 4417; baseline -0.024 0"><span class='ocrx_word' id='word_1_454' title='bbox 1415 4365 1568 4417; x_wconf 80' lang='lat' dir='ltr'><strong>Cous.</strong></span> <span class='ocrx_word' id='word_1_455' title='bbox 1588 4358 1751 4413; x_wconf 86' lang='lat' dir='ltr'><strong>Prob.</strong></span> <span class='ocrx_word' id='word_1_456' title='bbox 1771 4371 1823 4410; x_wconf 77' lang='lat' dir='ltr'><strong>v.</strong></span> <span class='ocrx_word' id='word_1_457' title='bbox 1842 4357 1963 4407; x_wconf 73' lang='lat'><strong>242.</strong></span> 
     </span>
    </p>
   </div>
  </div>
 </body>
</html>
