2925 4928
2315 389 2445 456 141

243 514 469 613 capiunt,
502 548 767 612 occidunt,
786 549 1038 611 lacerant,
1068 556 1230 613 caput
1267 547 1544 613 praefigunt
1580 549 1631 599 in
1667 550 1837 612 hasta,
1871 563 2074 599 uranum
2097 548 2327 600 avulsam
2349 549 2447 600 eir·

243 628 552 681 cumferunt.
617 629 740 694 Ipse
763 629 1060 680 detruditur
1080 630 1146 680 ad
1184 628 1383 680 Inferos
1427 630 1699 694 suppliciis
1735 631 1971 681 omnibus
1996 645 2027 680 a
2051 629 2446 680 Rhadamantho

239 711 556 762 cruciandus.

934 405 1013 455 ΙΝ
1063 405 1417 456 nuruum
1473 405 1614 454 mn.
1663 406 1749 456 11.

237 868 297 958 J
301 914 407 961 AM
443 905 604 982 post
631 898 953 965 edomitas
982 890 1220 984 Alpe5‚
1252 899 1659 989 defensaque
1688 917 1892 984 regna

236 997 616 1085 Hesperiae,
644 1002 885 1066 merita
913 1003 1307 1088 complexus
1341 1003 1499 1067 sede
1530 1005 1869 1086 parentem

234 1099 511 1167 Auctior
541 1104 806 1189 adjecto
834 1104 1129 1187 fulgebat
1155 1105 1368 1171 sidere
1396 1105 1724 1185 mundus;

233 1203 515 1289 Jamque
544 1208 702 1286 tuis,
737 1207 1083 1287 Stilichon,
1114 1207 1423 1273 Romana
1453 1208 1754 1294 potentia
1785 1205 1982 1284 curiS,

287 1370 404 1419 Jam
423 1377 530 1434 post
549 1374 695 1436 Alpes
710 1372 943 1434 subactas,
965 1379 1014 1423 et
1035 1380 1353 1425 conservatum
1374 1376 1634 1439 Imperium
1656 1374 1944 1431 Occidentis,
1962 1374 2124 1423 coelm
2137 1371 2436 1422 cohonestatus
2477 1420 2484 1427 ,

226 1434 318 1483 loco
352 1435 501 1496 digno
532 1444 723 1500 putrem
754 1439 1117 1498 Theodosium,
1139 1441 1345 1490 micabat
1367 1441 1701 1502 honorabilius,
1722 1440 1885 1488 addito
1906 1444 2036 1486 astro
2058 1452 2220 1486 novo:
2251 1436 2436 1497 etjam,

230 1513 260 1548 ο
291 1498 517 1566 Stilicho,
561 1503 816 1566 Imperium
856 1505 1134 1569 Romanum,
1176 1511 1223 1555 et
1265 1505 1530 1568 fastigium
1574 1506 1736 1554 mundi
1768 1504 2001 1552 traditum
2038 1510 2119 1551 est
2154 1501 2284 1551 cur-is
2323 1499 2436 1550 tuis.

1163 1638 1516 1658 ‘N‘OOOOOO‘O

287 1711 313 1755 1
349 1708 496 1771 Alpis
538 1710 670 1760 Exc.
694 1709 846 1769 Loeti,
865 1711 1028 1771 regnis
1048 1709 1195 1760 Med.
1230 1723 1339 1760 sec.
1375 1723 1406 1758 a
1426 1724 1498 1758 m.
1523 1713 1728 1759 sem—2
1760 1707 1914 1757 media
1944 1705 2093 1755 Leid.
2117 1719 2221 1756 sec.
2244 1704 2432 1756 Heius.

224 1772 346 1820 Eae.
366 1773 693 1825 Gevart.—3
726 1776 889 1824 Altior
911 1777 1056 1826 Rott.
1092 1774 1274 1824 Heins.
1296 1775 1474 1838 Aptior
1505 1776 1705 1824 Bonou.
1729 1773 1935 1822 Thoios.
1960 1770 2133 1821 Oxou.
2157 1785 2260 1821 sec.
2289 1770 2431 1819 Med.

225 1844 343 1886 tert.
371 1838 562 1888 Petav.
589 1846 711 1889 tert.
733 1841 858 1891 Var.
897 1842 1005 1890 LL.
1027 1839 1115 1890 ed.
1136 1839 1299 1890 Antv.
1337 1855 1367 1888 a
1389 1855 1458 1888 m.
1497 1854 1575 1903 pr.
1601 1839 1805 1889 Auctior
1827 1838 1909 1886 vei
1932 1836 2106 1900 Aptior
2121 1836 2256 1885 Exc.
2282 1836 2438 1897 Laeti,

220 1902 439 1953 meior
459 1904 627 1955 Oisel.
646 1906 849 1956 Auctior
870 1908 951 1955 vel
970 1905 1194 1955 June-tior
1216 1906 1342 1955 Put.
1380 1905 1533 1954 accior
1555 1904 1684 1954 Exc.
1709 1904 1957 1952 Voss.—4
1990 1900 2223 1950 Stilichon
2247 1902 2433 1951 Petav.

1139 2011 1144 2015 ’
1220 2028 1434 2079 NorAE

276 2132 309 2180 '1
344 2131 518 2197 Alpes]
550 2134 762 2185 Montes
785 2135 922 2184 inter
944 2134 1286 2187 ItaliamGal·
1366 2133 1608 2186 thodoxis
1650 2132 2060 2198 Imperatoribus
2098 2129 2298 2179 delatus
2329 2131 2429 2189 est,

222 2207 463 2275 fiamque,
501 2223 630 2274 quos
669 2226 789 2261 cum
811 2211 1106 2275 Arbogaste
1131 2212 1287 2261 Gauo
1365 2218 1427 2262 ut
1448 2219 1601 2275 patet
1623 2227 1689 2262 ex
1730 2226 1956 2272 nummo,
1976 2209 2065 2259 ubi
2086 2209 2250 2258 relata
2278 2204 2432 2254 Prin-

218 2283 465 2349 Principe
480 2296 829 2349 occupaverat
838 2279 1289 2351 EugeniusGram·

212 2359 458 2424 -maticus,
484 2362 572 2426 qui
597 2378 652 2412 se
676 2378 769 2426 pro
793 2363 1120 2427 Imperatore
1139 2378 1287 2428 gere·

221 2435 322 2501 bat,
341 2444 399 2488 et
420 2439 509 2489 eui
535 2440 612 2489 sic
655 2441 864 2505 scripsit
897 2441 953 2492 S.
970 2440 1289 2507 Ambrosius,

219 2516 235 2544 ‘
257 2515 575 2581 Imperatori
611 2518 880 2582 Eugenio.’
944 2518 1021 2569 At
1051 2520 1136 2570 hic
1167 2535 1284 2571 cum

219 2606 303 2641 suo
348 2592 652 2656 Arbogaste
699 2610 730 2644 a
775 2596 1069 2647 Theodosio
1113 2597 1282 2646 victus

220 2675 312 2719 est.

207 2792 213 2797 .
275 2747 449 2808 Regna
471 2748 751 2813 Hesperioe]
798 2751 932 2802 Quae
959 2755 1078 2797 sunt
1101 2759 1281 2798 versus

219 2821 584 2886 Occidentem,
623 2825 802 2874 habita
842 2825 1041 2874 ratione
1079 2825 1278 2874 Rome.

214 2895 481 2961 Hesperus
546 2905 627 2949 est
678 2901 832 2950 steila
886 2899 1272 2951 Occidentalis:

215 2974 346 3023 unde
386 2975 707 3039 Hesperium
746 2978 955 3041 dicitur,
1009 2978 1148 3042 quod
1193 2984 1276 3028 est

217 3049 576 3103 Occidentale.
702 3061 711 3104 f

272 3133 304 3178 2
338 3132 527 3180 Merita
548 3131 678 3194 sede]
715 3132 801 3182 Ob
825 3131 1095 3194 virtutem,
1122 3132 1275 3196 cujus

213 3205 350 3255 velut
373 3206 630 3270 gradibus
652 3207 858 3266 Heroiis
882 3208 933 3256 in
969 3209 1157 3257 coelum
1197 3223 1273 3257 as·

214 3282 458 3343 cendunt.

276 3357 580 3421 Complexus]
631 3360 790 3410 Velut
811 3359 991 3424 filium,
1011 3360 1098 3410 cui
1121 3359 1275 3411 debe·

214 3438 292 3483 tur
313 3435 614 3486 haereditas.

272 3515 309 3560 3.
333 3513 544 3562 Auo-tior
587 3514 809 3577 mundus]
876 3515 1078 3565 Coelum
1115 3516 1275 3580 magis

216 3594 414 3638 anetum
439 3594 493 3639 et
512 3590 819 3640 honoratum
852 3591 1077 3641 micabat
1098 3593 1276 3643 addito

212 3677 337 3726 nqvo
358 3666 554 3728 sidere,
574 3668 860 3735 Theodosio
879 3669 1112 3719 scilicet:
1150 3671 1276 3719 allu-

213 3740 283 3791 dit
325 3744 391 3792 ad
436 3744 637 3795 Juiium
685 3745 964 3807 Caesarem,
1008 3745 1096 3809 qui
1151 3753 1269 3809 post

212 3819 400 3871 obitum
435 3816 671 3871 creditus
694 3822 848 3885 vulgo
872 3833 953 3871 est
990 3821 1042 3870 in
1073 3830 1269 3872 astrum

213 3910 319 3947 esse
343 3906 595 3950 mutatuS.
665 3898 977 3949 Addendum
1016 3907 1097 3950 est
1117 3916 1268 3966 quos-

216 3972 326 4023 dam
363 3974 713 4039 Philosophus
749 3976 1007 4026 censuisse
1035 3976 1267 4027 Heroum

213 4050 397 4101 animas
440 4066 471 4101 e
512 4052 678 4102 stellis
700 4052 959 4116 oriundas,
997 4053 1062 4101 ad
1094 4043 1270 4102 stelias

216 4126 394 4178 redire.
463 4129 632 4177 Porro
659 4128 745 4179 hic
767 4128 1107 4178 Theodosium
1131 4130 1272 4179 canit

213 4200 489 4268 Apotheosi
566 4205 834 4269 donatum,
891 4221 982 4256 seu
1048 4207 1270 4256 relatum

216 4276 343 4332 inter
360 4297 607 4348 superos:
643 4282 736 4350 qui
771 4282 936 4335 honos
971 4283 1132 4334 etiam
1167 4284 1270 4335 Or-

1365 2288 1497 2352 cipis
1532 2287 1732 2350 effigies
1764 2303 1879 2337 cum
1921 2285 2280 2350 inscriptione,
2298 2280 2432 2346 ‘'Di-

1366 2380 1460 2414 vus
1486 2365 1855 2415 Constantinus
1879 2363 1909 2425 ;’
1954 2364 2118 2412 altera
2139 2360 2274 2411 facie
2315 2358 2428 2423 ipse

1371 2443 1630 2509 quadrigis
1658 2444 1895 2493 invectus
1933 2441 1998 2491 ad
2024 2441 2205 2491 coelum
2228 2439 2429 2490 videtur

1368 2536 1669 2586 exsurgere,
1683 2535 1887 2570 manum
1905 2520 2072 2569 manui
2092 2516 2292 2569 coelesti
2311 2528 2428 2579 por-

1362 2600 1556 2662 rigens».
1624 2601 1871 2649 Ceterum
1895 2605 1969 2647 -ut
2005 2597 2137 2647 scias
2157 2593 2318 2660 qualis
2347 2590 2426 2641 fu·

1361 2677 1466 2725 erit
1491 2675 1827 2735 Theodosius,
1859 2673 1981 2724 audi
2015 2674 2068 2724 S.
2093 2670 2424 2721 Ambrosium

1361 2752 1428 2801 de
1471 2752 1584 2815 ipso
1622 2753 1950 2815 loquentem:
1985 2750 2000 2776 ‘
2025 2749 2209 2797 Manet
2249 2747 2300 2796 in
2346 2747 2424 2796 iu·

1358 2828 1496 2877 mine
1519 2828 1857 2888 Theodosius,
1877 2834 1933 2876 et
1955 2831 2251 2876 sanctorum
2275 2823 2425 2873 coeti·

1359 2906 1454 2955 bus
1499 2906 1780 2970 gloriatur:
1823 2905 1895 2954 ibi
1940 2903 2248 2954 Gratianum
2287 2914 2424 2950 com-

1357 2983 1641 3047 plectitur:
1668 2982 1774 3031 dies
1799 2982 1901 3031 diei
1934 2985 2143 3037 eructat
2174 2976 2425 3028 verbum!

1354 3058 1566 3110 Deinde
1598 3073 1757 3124 agens
1777 3058 1842 3107 de
1862 3057 2090 3108 Maximo
2110 3061 2165 3106 et
2183 3054 2424 3117 Eugenio

1353 3136 1454 3188 ait:
1489 3136 1505 3164 ‘
1529 3136 1653 3187 Nox
1677 3135 1819 3185 nocti
1842 3134 2042 3184 indicat
2064 3131 2367 3182 seientiam!

1417 3218 1450 3263 4
1484 3211 1741 3275 Stilichon]
1804 3210 2077 3264 Decedens
2105 3207 2422 3258 Theodosius

1355 3288 1599 3338 Rufinum
1621 3286 1852 3355 Arcadio
1891 3284 2202 3349 Imperatori
2231 3282 2421 3333 Orien-

1354 3366 1422 3415 tis
1446 3371 1673 3415 tutorem
1696 3362 1861 3425 dedit,
1889 3361 2223 3411 Stilichonem
2248 3358 2421 3409 Hono-

1344 3442 1433 3492 -rio
1456 3441 1773 3506 Imperatori
1792 3437 2112 3488 Occidentis.
2180 3436 2421 3491 Claudia·

1357 3534 1452 3568 nus
1475 3533 1597 3568 vero
1620 3518 1707 3567 uni
1723 3514 1995 3566 stilichoni
2016 3513 2186 3564 omnia
2208 3512 2282 3562 ait
2303 3527 2420 3565 esse

1357 3596 1644 3656 commissa,
1666 3595 1786 3659 quia
1818 3599 2035 3643 noverat
2067 3590 2165 3640 hoc
2188 3603 2304 3639 eum
2344 3588 2419 3639 af·

1356 3670 1590 3732 sectare3
1646 3677 1704 3720 et
1756 3670 1888 3721 hanc
1928 3666 2089 3735 fuisse
2137 3666 2417 3718 Theodosii

1346 3754 1572 3797 mentem
1595 3747 1815 3812 populus
1843 3744 2112 3795 credebat.
2179 3743 2344 3792 Immo
2359 3749 2419 3793 et

1347 3824 1602 3886 Zosimus,
1639 3832 1694 3873 et
1712 3821 2086 3874 &Ambrosius
2128 3820 2184 3870 id
2228 3834 2419 3871 memo·

1342 3900 1437 3954 tiae
1483 3899 1841 3963 prodiderunt.
1897 3899 2120 3948 Ultimus
2158 3896 2224 3945 de
2254 3896 2417 3946 Theo-

1348 3976 1496 4026 dosio
1531 3976 1885 4041 sicloquitur:
1939 3979 1954 4004 ‘
1993 3974 2133 4025 Nihil
2188 3972 2415 4023 habebat

1351 4067 1558 4118 novum,
1599 4054 1736 4119 quod
1774 4054 2044 4115 conderet,
2077 4052 2165 4117 qui
2198 4050 2315 4100 filiis
2335 4058 2413 4100 to-

1352 4137 1459 4179 tum
1506 4130 1743 4194 dederat,
1786 4131 1884 4179 nisi
1926 4139 1986 4180 ut
2026 4144 2117 4179 eos
2164 4126 2413 4191 praesenti

1349 4208 1742 4258 commendaret
1783 4206 2008 4273 parenti,
2039 4205 2095 4256 id
2132 4210 2213 4256 est
2267 4202 2411 4256 Stili-

1346 4282 1534 4335 choni.'
