2925 4928
948 399 1061 448 DE.
1094 399 1208 448 111.
1256 399 1466 451 OQNS.
1515 399 1799 453 HONOB.

2343 382 2480 455 ιιι,
2525 352 2548 377 “

274 540 480 610 Dives
514 539 913 626 Hydaspeis
942 546 1259 624 augescat
1295 523 1589 626 purpura
1615 543 1915 625 gemmis.

273 642 659 707 Succedunt
690 644 893 708 armis
924 645 1167 709 trabeae
1194 666 1211 708 ε
1258 648 1533 709 tentoria
1561 647 1760 710 lictor

267 743 570 824 Ambiat,
601 752 666 811 et
694 746 911 812 Latiae
942 749 1211 812 redeant
1240 748 1326 812 ad
1358 749 1548 831 signa
1578 769 1869 813 secureS.

267 846 534 932 Tuque,
567 870 632 929 o,
663 852 776 934 qui
800 851 1093 935 patrium
1123 853 1301 915 curis
1325 852 1699 935 aequalibus
1728 852 1955 917 orbem

264 951 406 1016 Eoo
438 973 602 1017 cum
629 953 830 1018 fratre
854 955 1052 1036 regis,
1077 955 1363 1037 procede
1387 954 1697 1019 secundis

268 1051 587 1134 mitibus,
618 1055 991 1139 Phoebique
1014 1062 1240 1121 ‘novos
1264 1055 1480 1120 ordire
1502 1060 1781 1133 meatuS,

260 1239 405 1286 vestes
428 1236 732 1286 Gabinorum
749 1252 779 1286 a
781 1237 1061 1303 mplificetur
1082 1238 1256 1302 lapillis

260 1302 395 1349 lictor
416 1302 682 1352 circumdet
703 1303 1019 1365 tabernacula,
1041 1310 1087 1352 et
1109 1319 1291 1353 secures
1274 1241 1389 1353 HAE

261 1365 485 1428 Honori,
507 1367 592 1430 qui

1389 1321 1540 1354 mance
1567 1310 1868 1354 revertantur
1886 1307 1948 1354 ad
1980 1305 2152 1354 vexilla

1391 1239 1584 1304 aspeis‚·
1615 1245 1889 1289 ornamenta
1908 1239 2040 1303 pacis
2058 1243 2313 1353 εεφιαιιίἔζ
2325 1238 2442 1365 liena
2450 1255 2472 1298 ς

2361 1318 2392 1352 ιι
2440 1319 2471 1352 ο

618 1368 853 1429 gubernas
883 1370 1103 1417 mundum
1135 1374 1384 1432 palernum
1416 1386 1522 1418 cum
1548 1368 1713 1430 fratre
1740 1372 1856 1430 Eoo,
1878 1370 2005 1419 caris
2039 1369 2287 1431 similibus,
2308 1368 2469 1429 ingre-

255 1431 564 1491 deresaustis
586 1433 770 1497 avibus,
792 1438 838 1483 et
856 1433 1012 1497 incipe
1033 1441 1193 1484 cursus
1214 1449 1354 1484 novos
1375 1435 1540 1494 Sais,-
1566 1435 1737 1500 tu,qui
1759 1449 1816 1484 es
1837 1450 1943 1500 spes
1958 1440 2005 1485 et
2018 1434 2305 1484 desideriam
2328 1432 2467 1497 Coeli,

1308 1560 1509 1580 ‘em
1514 1561 1543 1580 O

259 1641 381 1694 eod.
400 1643 595 1694 Rhem.
633 1645 835 1694 Sabinos
855 1646 1006 1696 Farn.
1031 1646 1148 1696 Pat.
1184 1644 1284 1696 inc.
1313 1645 1473 1694 Heius
1478 1650 1588 1696 .-4
1620 1648 1821 1695 lucescat
1861 1645 2052 1695 Moret.
2093 1658 2196 1694 sec.
2242 1646 2469 1705 augescat

258 1709 336 1758 vel
356 1710 565 1759 lucescat
589 1712 716 1774 Reg.
740 1711 932 1762 Moret.
957 1726 1035 1774 pr.
1058 1712 1161 1761 duo
1184 1711 1355 1760 Oxou.
1392 1712 1592 1760 lucescat
1612 1711 1695 1759 vel
1721 1710 1964 1772 fulgescat
1985 1710 2280 1784 conjecerat
2302 1708 2472 1757 Hein-

258 1773 376 1838 sius,
396 1776 490 1824 sed
519 1783 708 1837 postea
732 1776 1001 1825 deleverat
1003 1782 1112 1826 .—-5
1146 1776 1273 1825 ritus
1294 1789 1391 1839 pro
1413 1774 1589 1824 trabeoe
1605 1774 1772 1825 Oisel.
1775 1781 1872 1825 —6
1902 1777 2026 1824 laetoe
2057 1775 2138 1823 vel
2161 1773 2321 1822 Latioe
2341 1772 2464 1823 Jun-

258 1851 354 1889 sec..
406 1840 578 1889 clarioe
602 1843 683 1890 vel
707 1841 865 1891 Latia·
884 1841 1056 1892 Oxou.
1080 1856 1159 1904 pr.
1213 1842 1326 1890 latoe
1345 1839 1520 1890 Oxou.
1556 1839 1864 1900 JactaeLeid.
1911 1841 2118 1889 adJura
2138 1839 2329 1887 Moret.
2353 1851 2462 1886 sec.

256 1907 345 1951 -7
383 1903 662 1969 Tuquoque
682 1907 878 1957 Moret.
914 1921 992 1971 pr.
1016 1907 1138 1957 Jun.
1175 1920 1253 1968 pr.
1277 1905 1454 1954 Oxou.
1490 1910 1694 1968 patrum
1732 1905 1832 1954 duo
1867 1903 2010 1954 Med.
2054 1903 2249 1952 Latiam
2299 1915 2461 1964 marg.

255 1966 435 2028 Isingr.
437 1973 542 2018 -8
567 1971 705 2032 geris
719 1971 864 2022 Med.
881 1975 1002 2020 tert.
1003 1975 1101 2020 -9
1134 1969 1377 2034 Auspiciis
1391 1969 1504 2021 Pal.
1525 1969 1667 2019 Med.
1691 1984 1771 2032 pr.
1773 1973 1903 2018 -10
1938 1969 2081 2032 Spem
2099 1967 2305 2018 Tholos.
2325 1966 2449 2016 Jun.

255 2046 330 2095 pr.
347 2033 466 2097 Spes
484 2036 574 2084 vel
600 2036 741 2097 Spem
762 2036 892 2098 Reg.
916 2035 1089 2086 Oxou.
1110 2050 1190 2099 pr.
1177 2050 1353 2150 ‚guam
1370 2033 1518 2084 Med.
1538 2039 1659 2084 tert.
1692 2035 1915 2097 primoevo
1936 2035 2138 2082 Tuolos.
2157 2031 2466 2108 quemprimo

255 2098 330 2149 uel
346 2100 590 2163 primaevo
606 2101 737 2165 Reg.
789 2100 943 2152 limite
959 2101 1080 2152 Vat.
1099 2114 1177 2167 pr.

1237 2115 1301 2150 uo
1323 2098 1471 2150 Med.
1513 2051 1725 2151 luminep
1730 2101 1851 2149 Pat.
1881 2099 2007 2152 Jun.
2044 2112 2124 2162 pr.
2165 2096 2336 2162 primae
2378 2095 2462 2146 vel

1250 2247 1470 2299 NOTIE

254 2361 445 2413 Consul
469 2364 713 2428 praeerit.

238 2471 243 2474 -
314 2439 514 2490 Cincius
541 2438 770 2504 Gabinos]
833 2441 1019 2491 Vestes
1041 2438 1320 2505 longiores,

251 2512 434 2565 similes
477 2516 570 2579 iis,
604 2516 788 2581 quibus
825 2517 1107 2567 utebantur
1127 2516 1319 2567 Gabini

254 2592 422 2655 populi
443 2594 782 2657 Volscorum,
816 2595 869 2643 in
904 2595 1092 2645 Italia:
1128 2594 1220 2660 qui
1250 2592 1317 2643 ab

251 2667 388 2719 hoste
411 2670 754 2735 deprehensi,
775 2688 1066 2738 quanquam
1096 2673 1196 2722 hoc
1232 2674 1322 2722 ha·

251 2745 365 2806 bitu
410 2748 774 2813 cingerentur,
825 2749 1089 2800 victoriam
1144 2754 1319 2798 tamen

252 2823 580 2884 retulerunt3
614 2830 670 2873 et
693 2823 809 2874 ideo
842 2824 895 2873 in
932 2824 1088 2875 rebus
1110 2824 1319 2874 urbanis

251 2899 508 2965 sacrisque
533 2900 636 2950 hoc
656 2900 835 2951 cinctu
857 2899 935 2950 usi
959 2906 1097 2951 sunt.

310 2979 342 3025 4
406 2977 693 3041 Hydaspeis
733 2976 958 3040 gemmis]
1022 2978 1318 3043 Hydaspes,

253 3051 381 3111 unde
392 3052 702 3117 Hydaspeas,
716 3060 799 3103 est
814 3051 1000 3103 fluvius
1016 3052 1157 3104 Asioe
1176 3069 1317 3118 gem-

252 3126 341 3180 mis
359 3128 690 3180 notissimus.

309 3204 570 3269 Purpura]
630 3205 873 3271 Purpura
890 3206 1094 3271 Regum
1115 3207 1317 3258 elimet

253 3279 537 3334 consulum·
550 3282 762 3332 solenne
776 3282 1158 3334 indumentum.

313 3356 462 3407 Dices
482 3363 714 3420 augescat
740 3374 956 3424 purpura
969 3361 1194 3427 gemmis]
1249 3360 1313 3410 Id

255 3438 346 3497 est,
362 3448 605 3499 purpura
626 3442 898 3499 augeatur,
916 3436 1136 3515 ditetur,
1156 3445 1314 3503 atque

254 3519 530 3564 exornetur
550 3512 748 3563 divitiis
772 3528 1107 3577 gemmarum.
1232 3561 1235 3564 ,

264 3617 265 3620 =
310 3594 340 3638 5
372 3589 598 3653 Mea]
661 3589 873 3640 Trabes
896 3591 1050 3641 vestis
1072 3591 1194 3641 olim
1206 3590 1314 3641 Au·

255 3678 446 3729 gurum,
493 3667 719 3731 Regum,
757 3672 816 3716 et
858 3668 1175 3719 Consulum:
1228 3668 1314 3718 hic

255 3742 467 3793 sumitur
500 3757 601 3808 pro
622 3744 939 3794 Consulatu:
972 3744 1178 3807 signum
1215 3759 1312 3808 pro

256 3831 310 3867 re
343 3820 568 3883 signata,
601 3820 1008 3884 metonymicas.
1057 3822 1193 3872 Nam
1211 3836 1313 3871 suc·

254 3895 413 3948 am
432 3896 587 3945 armis
607 3895 802 3959 trabeoe,
837 3895 893 3945 id
916 3902 1016 3959 est,
1050 3903 1170 3961 post
1208 3896 1313 3946 bel*

254 3970 348 4023 lica
364 3972 511 4026 faeta
534 3973 757 4023 Houorii
791 3973 1043 4024 succedat
1065 3974 1311 4032 Consula-

255 4050 354 4111 tus,
375 4054 433 4098 et
451 4049 772 4113 Respublica
791 4050 906 4113 ejus
943 4050 1101 4099 armis
1128 4049 1310 4101 defeu-

252 4135 327 4186 κ,
342 4124 577 4188 ejusdem
600 4126 872 4177 Consulari
895 4126 1208 4178 auctoritate
1224 4142 1309 4179 re-

250 4205 420 4268 mr.

280 4276 544 4332 Μαι-ἑο
576 4278 720 4336 lictor
746 4278 965 4345 ambiat]
1027 4281 1111 4333 Ex
1162 4292 1311 4332 mors

1400 2369 1638 2412 veterum
1662 2361 1959 2421 Consulum,
1979 2358 2065 2423 qui
2086 2357 2171 2406 vel
2207 2357 2347 2406 inter
2385 2355 2463 2420 ip·

1398 2453 1481 2489 sas
1499 2438 1878 2504 expeditiones,
1894 2435 2200 2487 Consularis
2219 2433 2461 2498 insignia,

1397 2515 1583 2580 fasces,
1622 2525 1678 2567 et
1718 2528 1926 2567 secures
1969 2530 2001 2564 a
2035 2513 2217 2564 lictore
2263 2510 2459 2577 gestari

1398 2594 1660 2645 volebant.

1462 2675 1496 2720 6
1527 2672 1683 2720 Latioe
1700 2671 1893 2719 redeant
1908 2669 1970 2717 ad
1984 2666 2124 2729 signa
2141 2660 2348 2725 secures]
2379 2661 2459 2713 Ut

1395 2748 1518 2798 olim
1570 2747 1746 2811 etiam,
1789 2759 1995 2796 secures
2052 2744 2315 2802 Romanae,
2364 2754 2467 2790 seu.

1397 2826 1730 2884 Consulares,
1774 2822 2007 2872 ferantur
2047 2819 2114 2870 ad
2161 2818 2326 2882 signa,
2364 2826 2459 2866 seu

1398 2909 1585 2965 castra,
1607 2902 1659 2949 in
1680 2900 1863 2966 quibus
1886 2899 2071 2948 dantur
2085 2895 2233 2965 signa
2249 2907 2457 2958 pugnae.

1399 2980 1641 3029 Ceterum
1660 2978 1848 3041 fasces,
1871 2976 2084 3038 trabeae,
2118 2974 2346 3035 curules,
2380 2984 2460 3021 se·

1398 3072 1569 3121 cures,
1615 3064 1736 3107 sunt
1778 3056 1998 3120 insignia
2040 3053 2370 3113 Consulatus,
2401 3055 2462 3100 et·

1398 3150 1537 3199 saepe
1574 3141 1837 3200 ponuntur
1869 3148 1963 3200 pro
1999 3133 2111 3197 ipso
2150 3130 2456 3192 Consulatu,

1398 3211 1799 3278 Metonymicfis.

1460 3293 1491 3338 7
1544 3289 1762 3339 Patrium
1781 3285 1962 3349 orbem]
2008 3284 2222 3347 Orbem,
2239 3297 2334 3333 seu
2351 3282 2460 3332 Im·

1395 3366 1597 3430 perium
1617 3373 1892 3428 terrarum,
1927 3378 1959 3412 a
1993 3369 2146 3427 patre
2166 3357 2462 3419 Theodosio

1394 3442 1653 3501 relictum.

1459 3524 1492 3568 8
1526 3518 1652 3582 Eoo]
1712 3517 1848 3581 Ἠὼς,
1872 3516 1953 3566 vel
1975 3513 2077 3577 ἕως,
2095 3516 2310 3575 Aurora,
2329 3510 2453 3560 inde

1394 3596 1542 3659 Eous,
1574 3594 1878 3655 matutinus,
1900 3591 1967 3641 ad
1989 3590 2259 3642 Orientem
2294 3587 2455 3652 perti-

1394 3685 1554 3720 nens·
1541 3706 1555 3719 .
1592 3671 1694 3719 Eoo
1734 3684 1840 3717 cum
1872 3667 2055 3729 fratre,
2094 3664 2151 3714 id
2192 3670 2293 3726 est,
2334 3676 2469 3713 cum.

1391 3744 1557 3796 fratre
1579 3743 1825 3805 Arcadio,
1862 3741 1951 3806 qui
1989 3740 2318 3803 administrat
2352 3738 2461 3789 Im-

1393 3821 1593 3885 perium
1622 3817 1873 3871 Orientis.

1456 3897 1688 3948 Secundis
1727 3893 1954 3959 alitibus]
2009 3893 2213 3945 Faustis
2256 3892 2455 3957 avibus,

1389 3971 1633 4023 feliciter.

1455 4052 1490 4097 9
1526 4048 1779 4113 Pkoebiqae
1799 4062 1940 4097 novos
1956 4046 2116 4095 ordire
2129 4042 2333 4106 meatu]
2363 4042 2458 4093 Ina

1390 4125 1510 4188 cipe
1531 4139 1718 4175 novum
1742 4137 1949 4174 cursum
1968 4119 2115 4183 Solis,
2133 4119 2241 4169 sive
2262 4131 2454 4168 novum

1391 4215 1603 4268 annum,
1623 4201 1709 4254 cui
1728 4213 1917 4251 nomen
1936 4197 2186 4251 Consules
2203 4194 2434 4248 dabant-e
