2925 4928
529 383 659 451 510
1220 401 1336 450 οι.
1385 401 1813 451 emonam
1872 402 2045 452 xix.

528 556 831 623 Culmine
857 557 1189 643 dejectum
1217 560 1378 625 vitae
1408 561 1699 625 Fortuna
1726 562 1934 645 priori
2691 564 2732 627 5

613 660 963 739 Reddidit,
997 662 1231 725 insano
1254 664 1392 747 jam
1424 665 1676 727 satiata
1697 662 1879 746 joco.
2050 664 2056 669 ’

525 762 840 827 Scindere
869 784 1039 827 nunc
1071 765 1204 827 alia
1232 765 1589 829 meditatur
1616 767 1797 843 ligna
1826 765 2063 843 securi,

613 866 945 930 Fascibus
975 874 1042 929 et
1072 865 1337 929 tandem
1367 856 1643 949 vapulat
1674 858 1823 949 ipse
1855 868 2019 930 suis.

524 966 763 1032 Illatas
794 968 1047 1031 Consul
1080 988 1323 1051 poenas
1359 989 1430 1031 se
1465 967 1753 1031 Consule
1789 969 2013 1045 solvit,

609 1068 848 1134 Annus
881 1072 993 1154 qui
1023 1073 1309 1149 trabeaS,
1355 1071 1465 1135 hic
1498 1071 1681 1134 dedit
1711 1072 2005 1135 exilium.
2650 1071 2731 1135 10

523 1172 895 1237 Infaustum
928 1175 1196 1257 populis
1230 1175 1296 1236 in
1328 1176 1401 1237 s'e
1434 1194 1701 1257 quoque
1734 1175 2008 1238 vertitur
2039 1194 2250 1238 omen.

607 1275 821 1340 Saevit
847 1278 916 1339 in
948 1283 1291 1340 auctorem
1320 1277 1742 1359 prodigiosus
1769 1276 1997 1339 honos,

523 1375 776 1451 Ablato
808 1378 1075 1460 penitus
1106 1378 1433 1461 respirant
1461 1377 1732 1440 nomine
1764 1378 1945 1456 fasti,

609 1478 1085 1563 Maturamque
1117 1479 1296 1542 luem
1327 1480 1554 1543 sanior
1585 1479 1745 1545 aula
1774 1482 2009 1543 vomit.

516 1628 631 1662 suas
650 1613 811 1663 inatus
832 1614 882 1661 in
900 1614 1109 1662 dominos
1128 1614 1380 1662 evanuisse.
1448 1615 1664 1663 Fortuna
1686 1614 1794 1674 jam
1827 1620 2041 1664 saturata
2066 1616 2173 1663 ludo
2185 1615 2372 1675 furioso
2389 1614 2605 1664 restituit
2626 1631 2731 1678 con-

511 1679 688 1727 ditioni
704 1681 871 1741 primae
893 1680 1199 1741 Eutropium
1225 1679 1525 1727 deturbatum
1548 1680 1812 1729 honor-ebus.
1882 1682 1931 1727 N
1935 1696 2020 1728 unc
2043 1681 2127 1727 ille
2162 1686 2361 1743 apparat
2395 1685 2576 1729 coedere
2600 1683 2731 1741 ligna

511 1743 705 1806 bipenni
727 1746 899 1799 ultera,
925 1750 969 1792 et
1006 1747 1195 1792 demum
1223 1744 1498 1792 verberatur
1506 1744 1722 1804 fascibus
1754 1745 1868 1793 suis.
1942 1747 2115 1793 Consul
2137 1748 2224 1793 luit
2245 1747 2524 1808 supplicium
2548 1747 2732 1805 irroga·

514 1814 630 1871 tum,
651 1823 699 1857 se
724 1809 939 1857 Consule.
1009 1810 1107 1857 Hic
1129 1824 1293 1869 annus,
1330 1811 1408 1871 qui
1433 1809 1653 1858 dederat
1676 1811 1980 1871 consulatum,
2019 1810 2150 1858 dedit
2173 1812 2387 1858 exilium.
2454 1812 2731 1871 Augurium

512 1872 856 1932 infortunatum
876 1873 1098 1933 gentibus
1119 1876 1409 1922 convertitur
1427 1875 1572 1923 etiam
1600 1875 1652 1923 in
1684 1890 1760 1923 se:
1793 1875 2006 1935 dignitas
2029 1882 2286 1923 monstrosa
2315 1874 2447 1934 furit
2482 1877 2534 1922 in
2569 1880 2730 1923 aucto·

513 1952 615 1987 rem
635 1953 787 1989 suum.
857 1939 995 1988 Fasti
1017 1938 1259 1987 liberiores
1280 1945 1406 2001 sunt,
1442 1943 1628 1988 nomine
1666 1941 1905 2003 Eutropii
1929 1955 2058 1988 eraso
2080 1940 2281 2004 omnino,
2317 1948 2362 1989 et
2388 1940 2547 2001 Regia
2570 1940 2730 1988 sanior

1436 2047 1732 2068 9999999999
1739 2049 1795 2067 Oe

511 2104 608 2149 —4
641 2101 850 2149 dominos
872 2102 996 2151 Put.
1028 2103 1142 2152 Pat.
1163 2101 1337 2151 Ambr.
1362 2117 1447 2166 pr.
1497 2102 1680 2151 domino
1703 2117 1833 2150 unus
1855 2102 1958 2152 Ms.
2007 2103 2163 2152 rarius
2186 2103 2296 2151 Pal.
2324 2102 2471 2150 Med.
2490 2117 2572 2165 pr.
2603 2103 2727 2151 Lov-

509 2180 682 2277 xlmgr.
732 2167 888 2215 abesse
908 2167 1202 2280 T¹¹⁰-¹‘f';⁸‘—⁵·
1236 2167 1798 2281 fft‘flt'tfoi‘ummerem
1826 2169 1973 2279 Medi
1992 2176 2134 2281 terti)
2157 2169 2362 2280 pgr-iorem
2392 2168 2598 2279 Pet7avi·
2622 2178 2726 2215 sec.

537 2244 602 2277 „ei
646 2265 657 2278 .
691 2245 770 2293 pr.
806 2246 872 2278 m.
896 2247 974 2294 pr.
1107 2248 1232 2280 socia
1257 2249 1286 2280 a
1379 2249 1427 2282 io
1451 2248 1523 2281 os.
1607 2247 1688 2280 ον.
1726 2248 1792 2281 m.
1868 2247 1904 2280 r.
1974 2249 2052 2280 oco
2136 2247 2165 2279 e
2195 2248 2274 2280 εν.
2312 2246 2485 2281 sec.-
2580 2245 2728 2292 mgna

505 2294 631 2345 Var.
673 2296 778 2343 Ll..
820 2296 901 2345 ed.
944 2296 1201 2345 Antv.-8
1242 2299 1334 2345 ille.
1379 2299 1523 2346 Rott.
1571 2297 1797 2345 Florent.
1828 2248 2028 2345 ppetav·
2074 2303 2193 2345 tert.
2240 2297 2323 2344 ed.
2364 2297 2540 2343 Vicet.
2629 2298 2727 2360 ipse

509 2359 611 2408 duo
655 2359 837 2415 Leidd.
878 2367 934 2408 et
971 2362 1143 2411 Oxou.
1182 2362 1306 2412 Jun.
1343 2378 1423 2425 pr.
1462 2364 1587 2410 Lov.
1631 2363 1742 2411 Pai.
1791 2363 1940 2410 Farn.
1980 2361 2121 2411 Prie.
2170 2361 2335 2414 Oisel.
2379 2363 2577 2409 Moret.
2619 2376 2724 2411 sec.

508 2433 565 2473 et
603 2439 777 2474 ornnes
818 2426 963 2475 Vatt.
1003 2427 1190 2476 Sched.
1230 2427 1368 2478 Gud.
1407 2429 1536 2477 Exc.
1583 2425 1803 2477 Gevart.
1843 2442 1938 2478 nec
1969 2443 2068 2476 non
2106 2426 2358 2480 VanLt..
2385 2425 2468 2474 ed.
2494 2424 2727 2476 Anna—-

505 2494 538 2537 9
591 2491 759 2540 Illutas
798 2493 942 2541 Leid.
982 2508 1062 2555 pr.
1095 2508 1162 2541 m.
1202 2494 1498 2556 'in—Oxou.
1541 2507 1616 2556 pr.
1657 2494 1801 2542 Med.
1827 2500 1953 2543 tert.
2003 2493 2207 2542 Illic-itas
2229 2495 2409 2541 omnes'
2431 2493 2580 2541 Vatt.
2607 2492 2724 2541 Pal.

506 2555 658 2604 Faru.
697 2558 839 2614 Rott,
868 2557 1033 2606 Oisel.
1094 2558 1298 2606 Illicitus
1333 2561 1509 2607 Barth.
1567 2558 1787 2606 Iulio-itas
1825 2560 1906 2607 vel
1966 2559 2130 2607 Illatas
2153 2559 2275 2619 Reg.
2303 2557 2443 2605 Prie.
2499 2557 2726 2606 Sancitas

505 2621 820 2683 conjiciebat
862 2622 1126 2676 Heinsius,
1171 2624 1317 2680 solum
1340 2639 1433 2686 pro
1468 2624 1606 2671 solvit
1632 2624 1829 2672 'Petav.
1872 2628 2107 2672 sec.-—10
2140 2623 2375 2670 auxilium
2396 2624 2522 2670 Vat.
2547 2630 2721 2686 quart.

503 2690 629 2734 ——11
669 2687 922 2745 infandum
945 2689 1135 2737 Moret.
1178 2703 1280 2750 sec.
1337 2689 1609 2749 Infaustum
1647 2689 1729 2735 vel
1781 2681 2028 2746 infanHum
2058 2689 2182 2735 Exc.
2206 2688 2353 2736 Laeti.
2390 2688 2441 2734 in
2463 2702 2515 2735 se
2537 2702 2724 2735 conver·

501 2751 625 2799 titur
667 2751 786 2800 Juu.
835 2758 1046 2813 pr.-l2
1099 2753 1228 2802 S’msst
1251 2754 1373 2804 Jun.
1407 2769 1484 2815 pr.
1536 2758 1773 2801 auctorem
1797 2754 1938 2802 Med.
1966 2762 2132 2816 quart.
2159 2753 2292 2801 Exc:
2314 2752 2464 2801 Laeti.
2516 2757 2722 2801 actorem

502 2821 611 2862 tres
635 2816 782 2864 Vatt.
809 2816 909 2865 duo
934 2819 1121 2866 PetaV.
1148 2820 1275 2868 Lov.
1302 2820 1424 2867 Pat.
1451 2818 1600 2867 Leid.
1626 2833 1729 2867 sec.
1781 2820 1924 2866 honor
1951 2826 2054 2867 tres
2077 2820 2222 2867 Vatt.
2250 2819 2360 2867 Pal.
2411 2818 2558 2865 honos
2581 2819 2720 2866 Rott.

504 2878 667 2927 Oisel.
709 2882 931 2931 Florem.
973 2883 1140 2931 Mede
1161 2890 1279 2932 tert.
1316 2884 1516 2932 Mazar.
1540 2884 1663 2931 Vat.
1693 2883 1856 2932 Livin.
1880 2885 2003 2934 Jun.
2029 2900 2107 2947 pr.
2134 2883 2275 2932 Leid.
2302 2898 2379 2947 pr.
2405 2892 2459 2930 et
2486 2883 2723 2929 Oxou.—

503 2947 565 2991 1³
598 2945 774 2993 Abluto
799 2947 943 2995 Leid.
982 2963 1058 3009 pr.
1098 2964 1163 2998 m.
1189 2964 1267 3011 pr.
1295 2949 1418 2997 Vat.
1442 2963 1548 2998 sec.
1573 2949 1718 2996 Med.
1747 2957 1868 2997 tert.
1900 2952 2079 2998 PetaV.
2105 2956 2228 2997 tert.
2256 2949 2355 2996 duo
2384 2946 2718 2997 Ambr.-Exc.

501 3007 715 3057 Gevart.
739 3018 794 3058 et
820 3012 1040 3061 Lucens.
1063 3028 1165 3061 sec.
1207 3015 1376 3062 oblato
1397 3013 1520 3063 Jun.
1554 3028 1628 3073 pr.
1669 3013 1828 3061 Oblita
1850 3014 2033 3062 Petav.
2061 3029 2163 3062 sec.
2198 3014 2429 3075 respirent
2448 3011 2597 3060 Med.
2619 3025 2718 3060 sec.

494 3086 571 3124 m·
594 3079 805 3136 pta—14
837 3077 947 3124 aula
969 3077 1090 3127 Vat.
1111 3094 1187 3141 pr.
1225 3079 1338 3128 Pal.
1377 3081 1496 3128 Pat.
1521 3077 1663 3127 Med.
1687 3087 1856 3142 quart.
1882 3081 2008 3128 Exc.
2038 3079 2183 3128 Laeti.
2217 3094 2335 3126 aura
2360 3078 2550 3141 viginti
2570 3077 2715 3141 quin·

1508 3191 1721 3242 No'rAE

496 3268 636 3330 olim,
657 3268 778 3319 dum
803 3272 1006 3321 vinetus
1050 3289 1178 3334 opus
1218 3275 1402 3324 servile
1423 3272 1565 3324 face·
1647 3273 1856 3322 easdem
1893 3289 2070 3337 poenas
2107 3274 2205 3324 sibi
2226 3272 2427 3338 inferri,
2451 3287 2583 3338 quas
2607 3271 2715 3321 aliis

489 3354 610 3410 ret:
667 3347 719 3395 id
746 3349 886 3413 quod
920 3349 986 3398 de
1021 3352 1274 3416 Eutropio
1316 3349 1452 3400 fama
1491 3352 1565 3400 lo·
1646 3351 1922 3403 inferebat.

494 3427 770 3491 quebatur.
1714 3437 1775 3480 10
1812 3429 2054 3493 Exilium]
2120 3431 2182 3481 In
2204 3429 2418 3478 insulam
2446 3429 2695 3492 Cyprum.

483 3524 489 3528 ·
555 3507 588 3552 4
622 3505 875 3570 Domino-9]
908 3504 1189 3569 Eutropius
1223 3503 1394 3555 factus
1428 3508 1562 3557 Con·
1715 3512 1774 3556 11
1815 3506 1987 3569 Οηιεπ]
2042 3507 2350 3556 Consulatus
2370 3505 2494 3553 mali
2514 3504 2712 3565 omum,

480 3571 588 3648 [suh
613 3588 670 3629 ut
709 3583 1041 3644 extingueret
1082 3584 1203 3631 vitae
1243 3583 1430 3645 prioris
1454 3599 1562 3632 sor·
1643 3600 1734 3634 seu
1758 3592 2077 3633 monstrosus
2100 3582 2350 3645 Eutropio
2379 3581 2556 3640 datus,
2594 3595 2708 3628 con-

491 3656 598 3716 deS,
615 3671 731 3704 suos
748 3657 982 3705 dominos
1003 3658 1208 3706 volebat
1224 3658 1558 3720 extinguere:
1643 3662 1866 3708 vertitur
1891 3660 1941 3706 iu
1968 3673 2058 3717 se;
2107 3659 2159 3706 id
2200 3666 2297 3718 est,
2330 3657 2499 3718 ipsum
2528 3656 2709 3704 Eutro-

489 3734 579 3782 sed
605 3747 737 3782 nunc
761 3734 904 3783 doiet
940 3735 1099 3782 minas
1136 3735 1248 3783 illas
1288 3748 1443 3783 vanas
1481 3734 1560 3784 fu-
1642 3737 1802 3800 pium,
1840 3748 1991 3799 quem
2029 3734 2079 3781 in
2118 3733 2424 3781 servitutem
2472 3731 2706 3790 retrahit,

477 3800 611 3859 isse.
1644 3819 1929 3862 retractum
1977 3810 2223 3873 expellit:
2261 3809 2442 3873 sicque
2475 3809 2625 3855 saevit
2656 3805 2707 3854 iu

551 3891 582 3935 7
619 3886 844 3935 Scindere
865 3886 1021 3948 ligna]
1059 3887 1133 3935 Ut
1172 3901 1345 3936 servus
1373 3887 1559 3935 vilissi·
1639 3889 1809 3951 ipsum
1835 3895 2118 3945 auctorem,
2146 3886 2196 3934 id
2216 3892 2315 3946 est,
2338 3885 2390 3931 in
2421 3885 2593 3947 ipsum
2613 3884 2708 3932 Eu·

485 3976 598 4010 mus
621 3962 806 4011 scindit
833 3963 990 4026 tigna,
1014 3964 1104 4012 sed
1130 3979 1229 4012 non
1254 3965 1351 4012 hac
1375 3964 1560 4028 securi,
1642 3964 1868 4028 tropium
1904 3970 2169 4012 auctorem
2216 3961 2491 4010 monstrosi
2532 3973 2703 4010 consu-

485 4053 638 4101 quam
664 4041 903 4101 gestabat
926 4040 1047 4088 dum
1068 4048 1209 4091 esset
1233 4043 1424 4092 consul.
1639 4041 1795 4100 latim,
1816 4039 1936 4087 dum
1961 4054 2078 4087 eum
2103 4045 2329 4099 gereret.

499 4171 502 4174 ,
548 4121 580 4164 8
630 4117 876 4181 Fascibus]
931 4117 1257 4166 Verberatur
1299 4117 1556 4169 fasciculis
1705 4120 1764 4163 13
1801 4117 2065 4177 Respirant
2095 4113 2247 4177 susti]
2331 4113 2494 4165 Quasi
2536 4125 2695 4175 geme·

471 4183 549 4240 “ex
576 4192 771 4241 betulia
792 4193 964 4256 factis,
984 4210 1124 4243 more
1145 4210 1428 4248 servorum.
1465 4198 1553 4244 Ai-
1636 4198 1753 4241 rent
1775 4192 2010 4255 oppressi
2036 4191 2239 4240 nomine
2263 4190 2524 4253 Eutropii.

479 4268 617 4319 ludit
635 4269 700 4317 ad
725 4268 891 4318 fasces
912 4271 1208 4322 Consulum.
1700 4273 1762 4317 14
1798 4268 2045 4315 Moturum
2075 4267 2236 4314 sanior
2270 4265 2401 4328 aula]
2468 4265 2538 4314 Et
2558 4264 2693 4312 velut

469 4337 476 4348 ¹
547 4341 584 4393 9
618 4339 814 4407 Consul]
885 4347 990 4398 Qui
1027 4346 1128 4396 fuit
1147 4348 1361 4413 Consui,
1392 4347 1553 4397 sentit
1631 4358 1918 4410 repurgans
1970 4359 2105 4409 sese,
2148 4343 2314 4394 vomit
2373 4339 2690 4406 Eutropium,
