2925 4928
828 459 926 508 nn
974 457 1249 506 MALLn
1296 456 1575 507 maon.
1622 453 1834 508 cons,
2318 437 2465 506 ‘443

238 603 599 683 Sicaniam,
628 608 693 669 et
720 603 1041 689 quicquid
1067 604 1410 690 Tyrrhena
1439 605 1739 670 tunditur
1763 602 1966 681 unda,

235 706 369 772 Vel
396 709 600 791 gemit
628 707 845 772 Ionia.
921 697 1086 772 'Nec
1117 716 1187 772 te
1218 715 1319 773 tot
1344 710 1575 774 limina
1604 728 1844 784 rerum,
2316 704 2451 771 205

234 810 371 877 Aut
398 817 654 876 tantum
684 813 974 876 turbavit
1000 833 1202 877 onus:
1251 813 1370 878 sed
1400 819 1475 877 ut
1506 812 1685 877 altus
1717 811 1990 897 Olympi
2428 801 2431 804 ’

233 913 514 994 Vertex,
543 916 661 1000 qui
693 916 915 999 spatio
945 922 1173 981 ventos
1203 907 1610 1001 hyemesque
1639 915 1973 999 relinquit,

233 1015 635 1101 Perpetuam
665 1020 849 1083 nulla
878 1024 1237 1083 temeratus
1266 1021 1440 1083 nube
1475 1039 1798 1096 serenum,

236 1118 501 1185 Celsior
530 1123 834 1204 exsurgit
863 1121 1136 1204 pluviiS,
1166 1122 1484 1204 auditque
1511 1127 1774 1185 ruentes

235 1222 372 1287 Sub
402 1225 690 1309 pedibus
720 1225 1008 1303 nimbOS,
1038 1231 1107 1288 et
1136 1245 1342 1289 rauca
1372 1227 1658 1289 tonitma
1687 1224 1945 1289 calcat:-
2318 1221 2450 1290 210

235 1323 347 1389 Sic
377 1328 642 1410 patiens
672 1329 954 1407 animuS,
983 1348 1108 1412 per
1136 1333 1324 1393 tanta
1351 1329 1627 1411 negotia
1654 1329 1821 1393 liber

232 1550 346 1596 rem,
379 1551 438 1584 ac
470 1535 688 1598 quicquid
719 1535 996 1587 verberatur
1016 1535 1543 1602 fluctibus'Hetruch
1576 1541 1649 1588 vel
1682 1544 1818 1587 sonat
1860 1537 2015 1588 Ioniis
2051 1537 2215 1604 aquis·
2287 1536 2449 1602 Neque

233 1601 458 1663 suceptio
492 1606 564 1648 tot
593 1602 904 1663 negotiorum,
937 1609 1021 1652 aut
1056 1608 1238 1668 pondus
1274 1611 1459 1654 tantum
1493 1604 1798 1668 perturbavit
1833 1609 1896 1653 te.
1964 1606 2035 1653 At
2071 1604 2452 1666 quemadmodum

233 1667 412 1715 culmen
446 1667 675 1714 excelsum
714 1668 924 1730 Olympi,
953 1672 1075 1731 quod
1108 1671 1280 1719 deserit
1317 1669 1453 1719 infra
1493 1685 1543 1719 se
1580 1675 1741 1719 tentos
1780 1675 1828 1718 et
1865 1673 2164 1732 tempestates
2201 1667 2449 1716 intervallo

233 1746 438 1794 magno,
460 1731 587 1779 nulla
604 1731 801 1780 habens
825 1732 1048 1792 infectam
1081 1736 1286 1797 caligine
1316 1737 1616 1785 serenitatem
1651 1739 1895 1793 aternam,
1932 1734 2169 1800 attollitur
2204 1733 2453 1781 sublimius

232 1796 477 1854 imbribus,
500 1801 547 1844 et
565 1796 700 1845 audit
730 1797 814 1847 sub
831 1799 1028 1861 pedibus
1047 1801 1189 1849 nubes
1207 1802 1501 1863 bacchantes,
1533 1806 1578 1850 et
1604 1802 1804 1861 proterit
1813 1798 2024 1859 fulmina
2046 1799 2341 1861 mugientia,·
2374 1798 2449 1846 ita

231 1861 532 1912 Theodorus
564 1864 797 1912 constanti
830 1870 983 1914 mente
1010 1865 1113 1914 exit
1151 1866 1272 1915 liber
1306 1867 1358 1916 in
1395 1866 1534 1916 rebus
1573 1867 1741 1928 tantis,
1763 1870 1810 1914 et
1831 1879 2009 1928 semper
2024 1879 2118 1928 par
2138 1863 2230 1913 sibi
2247 1879 2266 1922 ;
2298 1876 2444 1926 neque

1161 1997 1516 2018 “OOC“OO‘OO

218 2095 333 2138 taxa
356 2103 460 2138 sec.
498 2089 710 2144 Sir-mum
733 2090 893 2142 Oisel.
917 2092 1038 2141 Pur.
1060 2092 1187 2154 Reg.
1211 2093 1404 2142 Mazar.
1429 2093 1575 2144 Leid.
1593 2108 1696 2143 sec.
1715 2098 1820 2143 tres
1840 2092 2025 2141 Petav.
2067 2089 2309 2139 Smirnum
2330 2086 2448 2139 Pal.

213 2153 439 2204 «Thalos,
465 2153 634 2204 Oxou.
660 2171 740 2219 pr.
791 2156 1048 2207 Smirmum
1070 2159 1260 2206 Moret.
1291 2172 1393 2220 sec.
1441 2159 1665 2224 Smyrum
1688 2159 1791 2208 duo
1813 2159 1958 2208 Vatt.
1984 2157 2124 2205 Prie.
2155 2156 2301 2204 Rott.
2326 2153 2448 2205 Pat.

229 2215 329 2268 duo
370 2220 551 2269 Ambr.
596 2222 723 2271 Exc.
763 2222 976 2272 Gevart.
1031 2222 1219 2287 Syrtim
1260 2224 1410 2274 Farn.
1464 2225 1693 2289 Syn-inum
1734 2224 1856 2272 Lov.
1915 2222 2111 2287 Syriam
2146 2222 2334 2269 Moret.
2370 2234 2450 2283 pr.

227 2283 408 2333 Sirium
426 2285 528 2334 dno
550 2286 697 2335 Vatt.
729 2286 970 2336 Smirnam
991 2288 1073 2338 ed.
1096 2290 1266 2337 Vicet.
1311 2287 1567 2353 Smyrnam
1586 2290 1781 2339 Thuan.
1803 2290 1926 2340 Vat.
1951 2302 2029 2351 pr.
2053 2301 2120 2336 m.
2145 2300 2247 2334 sec.
2303 2285 2451 2334 Sinu-

224 2365 350 2398 mam
370 2350 494 2401 Jun.
519 2366 596 2414 pr.
647 2351 868 2416 Syrmum
889 2369 955 2403 m.
979 2368 1059 2417 pr.
1094 2361 1148 2402 et
1170 2353 1367 2417 Syriam
1388 2370 1452 2405 m.
1479 2370 1581 2405 sec.
1605 2356 1727 2405 Var.
1752 2354 1858 2403 LL.
1893 2354 1974 2403 ed.
2011 2351 2173 2401 Antv.
2223 2350 2451 2413 relinquit

211 2414 349 2477 Fut.
379 2414 500 2466 Pat.
553 2418 726 2480 recepit
750 2416 871 2468 Jun.
895 2423 1142 2481 pr.-—204
1180 2419 1415 2484 Tyr-rhene
1437 2422 1622 2471 Petav.
1650 2435 1752 2471 sec.
1804 2425 1991 2471 terrena
2024 2418 2138 2468 Pal.
2163 2417 2304 2466 Rott.
2343 2414 2448 2482 fin-

222 2481 359 2530 ditur
379 2481 528 2530 Med.
551 2492 720 2546 quart.
754 2482 984 2542 funditur
1004 2485 1038 2535 J
1045 2500 1127 2533 un.
1152 2500 1227 2548 pr.
1253 2485 1354 2534 duo
1381 2484 1552 2535 Oxou.
1577 2493 1800 2550 quatuor
1821 2487 1973 2539 Vatt.
1994 2485 2150 2541 Farn.
2175 2481 2320 2530 Med.
2344 2495 2447 2540 see.

222 2549 500 2595 retunditur
536 2548 681 2598 Rott.
720 2548 881 2598 Oisel.
933 2551 1150 2599 tunditur
1187 2550 1370 2604 Ambr.
1394 2567 1499 2602 sec.
1522 2554 1646 2601 Var.
1672 2552 1773 2602 LL.
1799 2566 1827 2599 e
1851 2565 2012 2613 marg.
2034 2549 2209 2598 Parm.
2236 2547 2357 2595 Lov.
2382 2560 2449 2595 ex

225 2612 553 2674 conjectura,
594 2621 649 2662 et
689 2614 761 2662 sic
798 2614 1090 2664 Gronovius
1131 2617 1258 2675 legit
1295 2615 1346 2663 in
1384 2617 1512 2666 Exe.
1543 2616 1747 2667 Schott.
1798 2617 2033 2669 clauditur
2064 2614 2185 2662 Vat.
2209 2626 2310 2659 sec.
2334 2611 2453 2669 Pas.

224 2676 371 2726 Med.
397 2692 477 2740 pr.
530 2678 800 2735 refimdnur
835 2680 975 2729 Prie.
1009 2681 1135 2743 Reg.
1168 2681 1371 2731 Tlxuan.
1410 2681 1553 2732 Med.
1596 2689 1719 2731 tert.
1757 2695 1822 2732 m.
1861 2694 1939 2744 pr.
1982 2680 2111 2728 Exn.
2151 2677 2353 2726 Schott.
2391 2681 2449 2726 et

225 2740 442 2793 Gevart.
461 2742 695 2799 funditur
717 2746 797 2794 vel
818 2745 1091 2805 refunditur
1113 2747 1211 2795 inc.
1235 2745 1417 2795 HeinS.
1441 2746 1541 2795 dno
1566 2746 1751 2795 Petav.
1799 2761 1918 2794 urna
1942 2745 2057 2794 Pal.
2081 2743 2288 2791 TholoS.
2315 2742 2447 2803 Exe.

226 2807 356 2855 Cod.
382 2808 565 2856 Rhem.
623 2811 733 2857 ulna
757 2810 939 2859 Petav.
964 2825 1070 2859 sec.
1125 2812 1251 2859 unda
1287 2812 1367 2860 vel
1406 2827 1527 2860 urna
1549 2812 1745 2861 Moret.
1772 2826 1850 2874 pr.
1875 2809 2021 2859 Med.
2056 2823 2162 2857 sec.
2199 2806 2450 2856 Heinsius
2504 2835 2507 2837 -

223 2873 383 2921 variis
400 2873 718 2936 conjecturis
740 2877 962 2924 tentavit
986 2877 1117 2924 hunc
1141 2876 1327 2937 locum,
1350 2882 1405 2925 et
1426 2877 1640 2940 legebat
1664 2877 1748 2926 vel
1783 2877 2027 2939 plauditur
2058 2875 2140 2922 vel
2177 2871 2450 2937 affunditur

223 2938 308 2986 vel
331 2939 575 2999 tunditur,
600 2939 736 3003 quod
761 2948 1074 3003 postremum
1093 2940 1300 2990 tandem
1322 2942 1565 3005 amplecti
1587 2942 1724 2991 visus
1746 2959 1758 2991 z
1797 2942 1858 2990 ad
1880 2939 2183 2995 firmandum
2202 2937 2260 2991 τὸ
2278 2952 2447 2987 urnam

223 3004 544 3067 ascripserat
570 3006 742 3053 locum
765 3005 954 3056 Alcim.
992 3006 1130 3055 Avit.
1165 3006 1278 3056 Lib.
1302 3021 1374 3056 lv.
1406 3022 1477 3056 vs,
1502 3011 1746 3057 62.-—205
1778 3006 1947 3069 genuit
1986 3007 2138 3055 Roma
2174 3005 2300 3056 var.
2340 3003 2447 3054 LL.

222 3067 304 3116 ed.
332 3068 498 3118 Antv.
556 3070 732 3119 lumina
767 3072 891 3122 Jun.
931 3086 1008 3134 pr.
1042 3071 1189 3121 Leid.
1217 3087 1294 3133 pr.
1320 3088 1388 3120 rn.
1431 3088 1513 3136 pr.
1550 3073 1712 3124 Oisel.
1736 3073 1969 3122 Florent.
2003 3071 2105 3119 duo
2138 3069 2284 3118 Med.
2322 3069 2449 3120 Put.

222 3134 423 3183 Mazar.
449 3134 636 3184 Petav.
673 3151 776 3184 sec.
811 3137 1013 3186 Bonon.
1038 3137 1157 3186 l’at.
1182 3137 1282 3185 duo
1307 3136 1489 3187 Ambr.
1518 3140 1642 3188 Exc.
1669 3138 1892 3187 Luce-ns.
1916 3151 1997 3200 pr.
2033 3144 2085 3184 et
2111 3135 2238 3186 eod.
2264 3134 2448 3184 Rhem.

222 3200 405 3249 lumina
431 3201 512 3248 vel
549 3201 725 3250 lumina
747 3202 869 3251 vat.
895 3202 986 3251 Pr.
1022 3202 1258 3251 molimina
1280 3202 1461 3252 Ambr.
1485 3218 1589 3253 sec.
1622 3208 1692 3252 tot
1713 3205 1880 3252 limina
1904 3204 1983 3250 vel
2004 3202 2241 3250 molimina
2264 3199 2451 3250 PetaV.

222 3271 346 3315 tert.
389 3281 465 3314 me
484 3266 652 3315 limina
670 3266 872 3318 Thalos,
921 3267 1122 3315 culmina
1141 3268 1269 3330 legit
1293 3269 1537 3317 Heinsius
1562 3269 1641 3317 vel
1664 3274 1712 3318 te
1739 3268 1992 3317 molimina.
2043 3267 2117 3314 sic
2146 3265 2357 3325 fastigia
2379 3264 2451 3313 r'e-

221 3344 332 3378 rum
350 3345 496 3394 saepe
517 3335 852 3382 vocat.-—206
884 3332 1095 3381 turbabit
1117 3334 1236 3383 Vat.
1259 3348 1337 3394 pr.
1382 3339 1546 3382 tantus
1567 3334 1709 3382 bonos
1733 3335 1923 3383 Mon-et.
1949 3347 2024 3395 pr.
2073 3332 2218 3378 honor
2247 3330 2449 3378 Moret-

222 3410 321 3445 sec.
347 3411 414 3445 m.
440 3411 520 3458 pr.
576 3412 690 3459 opus
710 3397 831 3446 Vat.
858 3404 1024 3461 quart.
1074 3398 1195 3446 alter
1234 3399 1426 3462 Olympi
1467 3401 1586 3448 Vat.
1624 3414 1729 3448 sec.
1754 3400 1901 3447 Rott.
1927 3397 2090 3445 Oisel.
2113 3396 2215 3444 inc.
2256 3393 2447 3444 Heins-

222 3461 392 3511 Oxon.
417 3476 520 3511 sec.
541 3462 744 3511 Thalos.
769 3462 950 3513 Ambr.
978 3469 1096 3512 tert.
1123 3464 1221 3512 duo
1247 3464 1431 3513 Petav.
1465 3466 1590 3513 altus
1615 3465 1695 3513 vel
1717 3464 1838 3512 alter
1857 3463 1976 3512 Vat.
2000 3466 2167 3524 quart.
2192 3458 2335 3508 Med.
2362 3473 2446 3522 pr.

220 3530 383 3575 -207
417 3527 617 3589 reliquit
643 3527 756 3577 Pal.
777 3529 930 3576 Farn.
956 3528 1099 3578 Med.
1124 3543 1200 3589 pr.
1239 3529 1361 3577 Pul.
1397 3528 1500 3577 duo
1536 3529 1722 3578 Petav.
1758 3529 1959 3576 Bonon.
1984 3526 2104 3574 Pat.
2130 3523 2311 3573 Ambr.
2335 3537 2440 3574 sec.

219 3590 417 3640 Mutet.
442 3607 550 3640 sec.
573 3592 699 3641 item
720 3592 891 3643 Oxon.
915 3593 999 3641 ed.
1025 3594 1199 3644 Vieet.
1239 3601 1292 3642 et
1328 3594 1665 3643 Parm.-—208
1697 3594 1899 3642 violatus
1936 3591 2078 3640 Med.
2116 3595 2281 3654 quart.
2317 3586 2440 3638 Ald.

197 3661 483 3706 ‘temeratus
518 3658 749 3706 Florent.
792 3657 913 3709 Put.
952 3659 1082 3721 Reg.
1115 3660 1309 3707 Thuan.
1342 3659 1541 3709 Mazar.
1566 3659 1764 3707 Bonon.
1791 3658 1911 3707 Pat.
1932 3656 2145 3706 Thalos.
2171 3661 2278 3703 tres
2300 3653 2447 3705 Med.

224 3722 441 3771 totidem
470 3720 651 3772 Ambr.
676 3730 730 3771 et
752 3724 936 3771 PetaV.
970 3726 1093 3772 Vat.
1119 3724 1286 3771 Livin.
1312 3724 1398 3773 ed.
1426 3725 1602 3773 Parm.
1627 3730 1682 3772 et
1705 3722 1875 3772 Vicet.
1898 3723 2024 3771 Exc.
2049 3722 2270 3770 Lucens.
2295 3732 2447 3782 μη·-

225 3789 322 3837 209
359 3788 553 3837 Certior
576 3787 698 3839 Put.
721 3789 920 3840 Bonan.
954 3789 1075 3840 Pat.
1108 3788 1295 3839 Petav.
1321 3794 1444 3841 tert.
1498 3789 1681 3839 ruentis
1717 3789 1841 3839 Vat.
1875 3790 2112 3852 pr.—2ll
2146 3784 2295 3834 animi
2331 3783 2446 3833 Flo-

1239 3957 1452 4011 NOTAE
1514 3994 1517 3997 -

197 4056 202 4061 ’
283 4073 383 4121 204
428 4069 699 4136 Tyrrhena]
768 4070 918 4123 Mare
957 4072 1302 4137 Tyrrhenum,
1386 4081 1497 4124 tum
1521 4082 1575 4124 et
1601 4074 1824 4124 Cretam.

225 4162 314 4198 seu
332 4148 619 4212 Thuscum,
635 4149 832 4199 dicitur
854 4164 996 4201 mare
1020 4149 1259 4202 inferum.
1446 4158 1545 4203 206
1582 4151 1793 4218 Olympi]
1826 4152 1931 4201 Hic
1965 4165 2109 4200 mons
2133 4154 2213 4198 est
2234 4147 2446 4198 Thessa·

284 4228 381 4275 205
418 4225 581 4288 Ionia]
616 4226 817 4276 Ionium
854 4243 994 4277 mare
1019 4226 1212 4277 dictum
1236 4226 1300 4278 ab
1382 4229 1466 4279 liae
1500 4228 1655 4278 altior
1693 4227 1931 4277 nubibuS.
1995 4227 2263 4275 Lucanus:
2300 4223 2445 4272 ‘Nu-

197 4298 283 4351 '10
303 4301 484 4352 Inachi
505 4301 645 4353 filia:
682 4303 963 4367 porrigitur
982 4304 1047 4353 ab
1060 4311 1296 4353 extrema
1380 4305 1474 4356 bes
1497 4306 1773 4368 despectat
1797 4301 2089 4369 Olympus!

224 4389 372 4447 pute
392 4382 587 4434 Siciliae
609 4390 664 4434 et
680 4382 830 4448 Epiri
850 4397 1006 4450 usque
1028 4383 1080 4433 in
1098 4382 1294 4449 AEgyp·
1438 4386 1536 4435 211
1568 4380 1736 4444 Liber]
1780 4379 1849 4431 In
1881 4377 2042 4430 tantis
2064 4373 2287 4443 negotiis
2310 4372 2441 4425 liber
