2925 4928
506 415 639 488 822
1094 461 1101 466 -
1257 435 1373 484 cu.
1421 432 1846 485 anumAm
1897 434 2022 485 xf

510 578 855 666 Carpathii
881 580 1145 660 Triton,
1171 580 1751 665 obluctantemque
1778 581 2050 665 petebat

509 684 942 773 Cymothoen.
1023 684 1249 750 Timet
1275 684 1397 749 illa
1421 682 1652 762 ferum,
1686 703 1968 769 seseque
2000 683 2305 771 sequenti

477 818 484 824 ·
510 789 815 873 surripit,
845 796 911 854 et
940 789 1123 854 duris
1150 789 1432 854 elabitur
1459 788 1597 855 uda
1622 788 1914 854 lacertiS.
2741 865 2749 871 ,

508 888 750 956 Heus!
792 891 1004 976 inquit
1031 892 1415 976 speculatus
1443 890 1694 958 Amor:
1739 911 1878 957 non
1904 898 2125 957 vestra
2150 892 2282 958 sub
2305 891 2460 958 imis
2584 889 2711 956 140

509 990 717 1059 Furta
740 995 868 1078 tegi
901 1000 1173 1079 potuere
1204 995 1437 1063 vadis:
1483 995 1822 1079 accingere
1851 1002 2148 1060 nostram

507 1094 846 1162 Vecturus
875 1097 1229 1162 dominam.
1319 1097 1620 1162 Pretium
1647 1116 1779 1161 non
1805 1097 1938 1162 vile
1965 1095 2216 1161 laboris

509 1197 921 1283 Cymothoen
947 1199 1233 1277 facilem,
1266 1219 1421 1283 quae
1451 1219 1623 1264 nunc
1648 1199 1989 1278 detrectat,
2028 1199 2331 1266 habebis·

508 1301 669 1367 Hac
695 1302 998 1367 mercede
1030 1304 1204 1368 veni.
1294 1303 1605 1388 Prorupit
1635 1305 1886 1387 gurgite
1914 1309 2138 1369 torvus

509 1399 820 1473 Semifer:
867 1407 1108 1471 undosi
1134 1409 1484 1473 verrebant
1505 1408 1784 1474 brachia
1808 1409 2058 1473 crines:
2586 1404 2717 1471 145

507 1508 808 1594 Hispida
834 1509 1143 1574 tendebat
1170 1509 1380 1575 bifido
1407 1511 1947 1593 vestigiacornu,

504 1669 659 1720 banda
677 1670 908 1720 Amorum
927 1671 1230 1721 multitudine
1250 1676 1380 1721 eant.
1450 1671 1621 1722 Triton
1640 1670 1785 1721 nabat
1805 1671 1888 1720 sub
1908 1670 2050 1721 undis
2067 1670 2217 1721 maris
2240 1668 2514 1735 Carpathii,
2545 1674 2594 1718 et
2607 1683 2718 1731 per·

500 1735 777 1800 sequebatur
797 1736 1083 1800 Cymothoen
1104 1740 1428 1788 reluctantem.
1494 1737 1589 1786 Illa
1612 1736 1784 1786 metuit
1816 1735 2032 1798 bestiam,
2063 1741 2113 1798 et
2133 1735 2370 1790 subtrahit
2390 1749 2489 1785 sese
2512 1734 2588 1784 ini
2603 1747 2717 1799 ραι

505 1801 670 1865 menti,
689 1807 736 1850 et
756 1801 861 1864 ipsa
879 1802 1060 1851 lubrica
1078 1799 1254 1866 effugit
1275 1818 1340 1852 ex
1363 1803 1570 1852 brachiis
1587 1802 1686 1862 eius
1704 1802 1881 1852 crudis.
1947 1802 2100 1863 Heus,
2117 1816 2238 1851 unus
2262 1804 2485 1851 Amorum
2510 1798 2715 1849 intuitus

503 1866 666 1930 illum,
702 1867 805 1917 ait.-
836 1882 947 1916 num
980 1882 1160 1918 amores
1178 1869 1324 1919 vestri
1343 1874 1599 1932 potuerunt
1619 1868 1842 1917 occultari
1876 1867 1963 1916 sub
1993 1870 2128 1931 aquis
2155 1864 2440 1931 profundis?
2486 1880 2713 1930 prepara

504 1936 572 1994 te,
585 1936 860 1997 portaturus
879 1932 1113 1994 Reginam
1124 1939 1335 1984 nostram
1349 1935 1609 1984 Venerem
1625 1949 1639 1984 ς
1663 1935 1957 1998 consequeris
1966 1935 2219 1982 mercedem
2240 1948 2332 1981 non
2346 1946 2545 1995 parvam
2560 1930 2715 1996 operis

506 1997 606 2057 tui,
625 1997 829 2048 scilicet
855 1998 1139 2062 Cymothoen
1158 1999 1371 2061 docilem,
1390 2016 1497 2062 quae
1516 2013 1639 2049 nunc
1659 1999 1831 2049 renuit.
1898 2000 1941 2047 A
1948 1999 2085 2048 aveni
2106 1998 2173 2048 ob
2197 1996 2281 2047 hoc
2297 1996 2565 2061 proemium.
2630 1994 2716 2064 θεὴ

504 2062 647 2124 miser
664 2063 893 2112 terribilis
910 2063 1167 2124 festinavit
1189 2078 1283 2129 per
1303 2080 1451 2130 mare,
1485 2065 1646 2129 capilli
1666 2067 1907 2115 madentes
1925 2063 2170 2114 verrebant
2194 2064 2394 2113 lacertos
2412 2062 2533 2123 qius.
2606 2060 2713 2116 Qua

1431 2209 1788 2229 Oneeeueoeo

504 2302 606 2350 137
627 2300 881 2365 Carpathii
896 2303 950 2352 Τ.
966 2304 1084 2353 Vat.
1106 2316 1210 2354 sec.
1233 2300 1418 2352 Ambr.
1431 2315 1537 2353 sec.
1558 2301 1685 2352 Put.
1711 2301 1811 2350 inc.
1849 2300 2031 2351 Heius.
2069 2299 2182 2350 cod.
2217 2299 2391 2350 Ursin.
2411 2301 2537 2349 Var.
2561 2299 2665 2350 LL.
2683 2311 2717 2349 e

507 2378 670 2430 marg.
686 2367 864 2418 Parm.
893 2368 1060 2418 Triton
1085 2368 1336 2432 Carphatii
1358 2368 1460 2417 duo
1476 2367 1621 2417 Vatt.
1648 2366 1923 2430 Carpathiis
1943 2371 2052 2415 tres
2074 2365 2221 2416 Vatt.
2239 2366 2390 2417 Faru.
2404 2366 2554 2414 Prie.
2575 2366 2716 2415 Rott.

508 2429 694 2483 Petav.
719 2448 798 2498 pr.
825 2438 880 2483 et
902 2434 1022 2486 Vat.
1061 2448 1169 2484 sec.
1193 2431 1261 2486 m.
1296 2447 1400 2485 sec.
1427 2432 1721 2498 Carpathius
1744 2433 1854 2482 Pal.
1894 2429 2040 2483 Med.
2078 2445 2157 2495 pr.
2181 2431 2384 2483 Thuan.
2423 2431 2559 2483 Exc.
2597 2429 2713 2482 cod.

506 2496 694 2552 Rhem.
728 2499 920 2561 patebat
959 2501 1087 2563 Leg.
1120 2501 1306 2550 tenebat
1345 2499 1652 2550 Pria—138
1689 2497 1975 2563 Cymothoen
2008 2498 2234 2548 Floreat.
2271 2497 2376 2547 duo
2412 2497 2565 2547 Med.
2594 2497 2716 2547 Put.

504 2563 703 2621 Thuan.
729 2566 914 2614 Petav.
940 2572 1061 2615 tert.
1078 2566 1382 2629 ’T'ymothoen
1398 2565 1526 2615 Var.
1557 2566 1659 2615 LL.
1684 2565 1765 2613 ed.
1805 2562 1968 2613 Antv.
1991 2562 2156 2622 seram
2176 2562 2322 2613 Med.
2345 2570 2515 2628 quart.
2544 2562 2716 2612 Oxou.

505 2629 783 2744 ’335ῧὲἷί
804 2630 946 2746 ῗῖἓῗε
971 2627 2713 2759 ssisszfiffiss‘·÷i{i„{⁰¹¹ss3·tGssssgg‘ffissss'b‘hffiffi‘ffliffi?

507 2758 832 2816 Antv.—-140
864 2764 1054 2826 inquam
1075 2763 1219 2812 Med.
1250 2776 1353 2812 sec.
1375 2777 1442 2811 m.
1465 2777 1542 2826 pr.
1575 2760 1805 2826 spoliatus
1835 2775 1968 2810 amor
2003 2760 2146 2810 Rott.
2184 2775 2278 2809 non
2308 2764 2463 2808 vestra
2488 2766 2718 2823 quatuor

506 2825 655 2877 vatt.
681 2825 792 2875 Pal.
817 2827 966 2877 Farn.
999 2843 1110 2876 nam
1137 2829 1261 2877 Exc.
1284 2829 1508 2878 Lucane.
1533 2841 1636 2876 sec.
1672 2827 1798 2876 item
1822 2825 1940 2874 edd.
1964 2824 2125 2874 Gesn.
2148 2832 2204 2874 et
2229 2824 2435 2888 Bipont.
2459 2839 2581 2888 qnae
2601 2827 2718 2885 post

505 2885 565 2947 τὸ
585 2890 720 2938 vadis
739 2892 940 2967 signum
965 2893 1387 2956 interrogationis
1425 2891 1684 2942 exhibent.
1714 2906 1827 2940 num
1850 2891 1930 2940 vel
1963 2905 2056 2939 non
2074 2891 2196 2940 Vat.
2234 2905 2314 2953 pr.
2339 2888 2482 2949 furta
2502 2888 2590 2939 sub
2609 2887 2719 2938 imis

516 2953 685 3003 Vestra
705 2959 824 3018 tegi,
846 2960 926 3020 ὅτ.
961 2959 1317 3017 Mamm—7141
1352 2959 1503 3017 vadia.
1525 2959 1706 3023 στιγμῇ
1723 2954 1887 3020 τελείᾳ
1905 2956 2027 3005 Vat.
2051 2970 2153 3005 sec.
2177 2955 2316 3005 Prie.
2342 2956 2487 3004 Rott.
2512 2958 2717 3003 vestran

507 3018 624 3069 Pal.
649 3019 791 3070 Med.
864 3026 1065 3072 r.—142
1088 3025 1333 3073 Dacturus
1370 3024 1507 3074 Prie.
1538 3023 1748 3073 Latum
1769 3023 2131 3070 'rimam—143
2169 3021 2472 3082 Cymothoen
2484 3019 2718 3069 Floreat.

507 3083 653 3134 Med.
675 3100 777 3134 sec.
851 3095 922 3136 ut.
945 3088 1147 3138 Thuan.
1169 3089 1363 3139 Mazar.
1387 3088 1568 3145 Petav.
1604 3103 1707 3138 sec.
1745 3103 1795 3136 se
1818 3089 2051 3136 detrectat
2073 3086 2466 3134 Floreat—144
2495 3083 2718 3148 prorupit

505 3149 630 3201 Vat.
642 3164 719 3213 pr.
744 3152 1255 3203 Florent.Exc.Laeti
1270 3162 1326 3205 et
1349 3155 1569 3203 Lucana.
1596 3168 1698 3203 sec.
1707 3152 1973 3216 prorumpit
1986 3157 2107 3200 octo
2119 3150 2383 3199 alit—145
2399 3149 2614 3210 Semifer
2635 3149 2716 3198 vel

509 3214 719 3271 Semivir
739 3217 860 3267 Vat.
883 3232 959 3281 pr.
984 3218 1163 3268 humosa·
1187 3218 1295 3268 Pal.
1318 3220 1546 3269 Floreat.
1569 3218 1711 3269 Med.
1731 3233 1808 3282 pr.
1823 3215 2070 3266 verrebant
2089 3223 2188 3265 vet.
2202 3215 2329 3280 Gyr.
2348 3216 2475 3264 Exc.
2496 3216 2716 3265 Lucens-

507 3293 611 3335 sec.
631 3281 849 3330 velabant
871 3298 1047 3332 omnes
1072 3284 1118 3331 V
1120 3289 1210 3333 att.
1232 3282 1344 3334 Pal.
1368 3285 1518 3333 Farn.
1543 3284 1683 3333 Prie.
1718 3282 1867 3333 Rott.
1891 3282 2217 3332 Discat—146
2256 3280 2463 3344 Hispida
2483 3279 2716 3329 Floreat.

509 3345 614 3395 duo
630 3342 773 3397 Med.
786 3348 978 3398 Thuau.
994 3349 1190 3398 Mazar.
1204 3349 1388 3412 Aspera
1407 3349 1592 3412 viginti
1611 3350 1837 3414 quinque
1856 3346 2021 3397 Codd.
2039 3348 2170 3397 Exc.
2196 3346 2415 3395 Gevart.
2435 3346 2641 3394 Schott.
2660 3349 2715 3393 et

510 3411 728 3462 Lucens.
752 3428 852 3463 sec.
876 3413 958 3463 ed.
986 3414 1156 3463 Vicet.
1190 3421 1242 3463 et
1262 3417 1386 3465 Var.
1408 3415 1510 3464 LL.
1533 3415 1612 3464 ed.
1648 3412 1807 3463 Antv.
1841 3413 2028 3476 Aspera
2058 3412 2139 3462 vel
2164 3411 2379 3474 Hispida
2402 3411 2522 3459 Vat.
2540 3417 2714 3525 guart.

508 3475 634 3526 Put.
657 3480 899 3527 tentabant
929 3480 1075 3529 Rott.
1094 3480 1237 3529 Med.
1258 3487 1377 3529 tert.
1398 3480 1611 3531 tentabat
1628 3480 1757 3531 Exc.
1778 3480 1979 3528 Schott.
1998 3477 2243 3527 certabant
2260 3478 2379 3526 Vat.
2405 3488 2510 3525 sec.
2596 3487 2714 3524 rsm.

508 3541 626 3595 cod.
650 3544 774 3593 Var.
798 3545 903 3594 LL.
928 3559 957 3593 e
981 3560 1142 3609 marg.
1181 3546 1353 3594 Parm.
1388 3545 1610 3595 tendebat
1633 3545 1755 3594 Vat.
1791 3550 1961 3607 quart.
2003 3543 2147 3591 Med.
2182 3550 2350 3607 quart.
2389 3540 2581 3591 Ambr.
2608 3552 2712 3589 sec.

510 3606 642 3658 Exc.
672 3608 891 3660 Lucens.
917 3624 992 3673 pr.
1035 3610 1289 3661 tendebant
1307 3611 1694 3675 quatuordecim
1719 3609 1826 3671 alii,
1862 3608 1949 3659 ed.
1989 3608 2165 3659 Parm.
2206 3614 2261 3657 et
2293 3607 2464 3667 vicet.
2503 3604 2712 3656 terrebat

1511 3716 1724 3768 NOTAE

516 3842 529 3851 -
575 3815 670 3864 137
707 3813 980 3877 Carpathii]
1026 3815 1176 3864 Mare
1231 3815 1568 3879 Carpathium
1652 3813 1856 3866 destini.

510 3887 704 3938 dicitur
741 3890 806 3937 ab
840 3890 1006 3940 insula
1047 3892 1305 3956 Carpatho
1346 3892 1412 3941 ad
1453 3907 1570 3941 oras
1719 3895 1812 3941 143
1847 3890 2121 3953 Detrectat]
2156 3890 2517 3940 Concubitum.

510 3964 654 4015 Asiae
701 3966 935 4026 minoris,
990 3969 1127 4018 iuter
1182 3969 1461 4033 AEgyptum
1516 3976 1571 4018 et
1719 3972 1814 4017 146
1849 3968 2012 4034 Bifido
2031 3967 2194 4031 corna]
2239 3968 2426 4016 Triton
2466 3981 2585 4015 cum
2624 3964 2710 4017 de·

510 4040 742 4090 Rhodum
764 4059 777 4090 ι
821 4043 931 4092 Mer
953 4046 1010 4093 de
1034 4044 1314 4108 Scarpanto.
1652 4044 1789 4093 sinat
1814 4044 1864 4093 in
1891 4044 2102 4108 piscem,
2145 4059 2245 4093 non
2266 4044 2427 4093 habet
2453 4043 2613 4107 pedes
2639 4043 2710 4093 bi·

577 4122 671 4167 138
707 4120 1014 4186 Cymothoen]
1034 4122 1130 4171 Est
1147 4123 1326 4172 Triton
1345 4123 1570 4186 foemina,
1652 4123 1839 4183 sulcos,
1867 4120 1959 4170 sed
1985 4120 2258 4170 branchias
2284 4121 2530 4185 quasdam
2557 4119 2709 4170 bisul·

513 4193 590 4244 sic
627 4193 768 4244 dicta
807 4200 942 4260 quod
980 4212 1073 4260 per
1127 4197 1315 4249 fluctus
1355 4208 1565 4252 currat:
1649 4213 1735 4247 cas
1757 4197 1853 4248 sub
1875 4205 2077 4264 ventre,
2097 4212 2305 4250 crurum
2323 4196 2706 4249 similitudinem

502 4270 842 4335 w‘zaastuctus,
860 4281 914 4324 et
937 4272 1026 4324 θέω
1039 4290 1196 4327 curro.
1647 4274 1914 4328 habentes.

579 4354 669 4406 141
704 4351 881 4419 furta]
912 4351 1129 4406 Amores
1150 4351 1328 4407 furtivi
1353 4358 1409 4408 et
1427 4352 1569 4406 clan-
