2925 4928
937 424 1018 474 ιΝ
1069 424 1183 474 01..
1230 422 1772 473 onAumAmJM.
2369 408 2466 478 48

255 569 596 633 veniamus
618 567 888 634 tandem
907 568 994 634 ad
1016 570 1530 635 enuntiationem
1552 590 1667 634 seu
1691 569 1778 634 ad
1798 569 2090 634 indolem
2115 573 2461 653 sermonis,

255 691 383 755 qno
410 677 538 736 ·est
582 691 772 736 usus.
862 671 1128 755 Scripta
1174 672 1318 756 ejus
1348 674 1454 735 vel
1505 675 1718 737 obiter
1766 674 2186 755 perlustranti
2233 675 2460 741 statim

252 781 554 858 apparet,
624 777 812 838 illum
867 775 1259 839 adhibuisse
1298 776 1585 865 ,dicendi
1637 796 1841 857 genus
1897 778 2462 860 copiosissimum.

253 875 578 942 Ornatam
606 879 843 961 petivit
872 897 1028 940 cum
1050 897 1137 941 ex
1168 879 1370 942 rebus
1390 881 1532 942 tum
1552 899 1642 942 ωε
1657 880 2018 945 sententiis·
2107 878 2216 944 Ad
2244 901 2463 948 rerum

250 981 545 1063 copiam,
580 1001 714 1064 qua
741 1000 1005 1064 semper
1026 981 1136 1044 vel
1167 981 1234 1043 in
1264 988 1650 1064 argumento
1679 983 1970 1046 maxime
1998 985 2176 1047 tenui
2205 974 2272 1048 et
2298 985 2466 1050 exili

247 1083 419 1147 solet
450 1083 809 1160 abundare,
855 1084 1135 1167 pertinet
1163 1082 1483 1148 doctrinae
1516 1085 1890 1162 ostentatio,
1939 1105 2075 1169 qua
2103 1104 2297 1150 nemo
2326 1080 2464 1152 fere

247 1183 599 1268 poetarum
623 1185 1009 1250 Latinorum
1038 1192 1190 1250 ante
1212 1205 1366 1249 eum
1389 1191 1730 1270 tantopere
1759 1187 1893 1250 sibi
1922 1187 2254 1271 placuisse
2278 1189 2464 1275 vide-

249 1291 405 1364 tur,
429 1308 814 1372 quanquam
856 1288 1262 1372 jampridem
1311 1309 1457 1354 eam
1488 1289 1803 1354 adbibere
1832 1295 2197 1374 coeperant,
2250 1310 2464 1375 eoque

246 1389 495 1474 majori
534 1411 797 1476 semper
839 1392 1090 1469 studio,
1136 1413 1271 1476 quo
1314 1394 1533 1477 magis
1572 1393 1819 1475 ingenii
1861 1393 2217 1472 defectum,
2265 1394 2464 1478 cujus

246 1493 381 1557 sibi
413 1495 672 1558 conscii
702 1501 946 1574 essent,
976 1496 1117 1559 illis
1148 1498 1464 1561 subsidiis
1493 1502 1810 1580 cuperent
1832 1497 2165 1580 supplere.
2256 1495 2464 1576 Quod

248 1594 531 1681 quidem
561 1598 875 1676 studium,
922 1598 1119 1683 cujus
1160 1598 1311 1664 fons
1353 1600 1425 1663 in
1467 1605 1706 1665 natura
1748 1599 1950 1663 animi
1990 1597 2282 1677 humani,
2326 1617 2463 1664 non

243 1718 426 1765 verae
459 1700 759 1776 utilitati,
805 1701 927 1786 sed
954 1701 1152 1765 famae
1197 1703 1400 1780 inani,
1448 1702 1790 1767 servientis
1817 1704 2085 1785 partim,
2129 1703 2367 1786 partim
2392 1703 2467 1767 in

248 1803 406 1886 ipsa
432 1803 737 1869 imitandi
761 1804 1021 1893 ratione
1040 1805 1208 1870 situs
1238 1812 1363 1885 est,
1406 1806 1592 1871 nulla
1622 1807 1759 1871 alia
1789 1806 2024 1869 civitas
2049 1806 2262 1887 magis
2287 1804 2465 1870 alere

250 1911 455 1993 atque
486 1907 781 1991 excitare
811 1913 1095 1991 poterat,
1142 1929 1340 1992 quam
1385 1907 1816 1987 Alexandria,
1861 1914 1928 1972 et
1968 1909 2257 1971 virorum
2283 1906 2464 1972 omni

248 2006 853 2095 literarumgenere
896 2009 1241 2074 doctorum
1288 2012 1509 2095 copia,
1556 2015 1624 2074 et
1663 2014 2224 2075 monumentorum
2254 2010 2466 2093 scrip-

253 2116 473 2174 torum
503 2111 941 2190 multitudine,
987 2113 1108 2177 ubi
1154 2132 1416 2178 summa
1460 2113 1753 2177 omnium
1784 2114 2023 2177 artium
2051 2131 2133 2176 ac
2162 2112 2466 2197 discipli-

252 2231 511 2295 narum,
557 2234 727 2297 quas
757 2215 1020 2298 quidem
1065 2224 1224 2282 tunc
1269 2218 1609 2281 hominum
1653 2216 1922 2280 solertia
1946 2211 2466 2297 excogitaverat,

253 2316 438 2382 brevi
484 2323 553 2383 et
594 2319 776 2384 nullo
803 2380 807 2386 ,
836 2319 973 2383 fere
1033 2321 1297 2403 negotio
1341 2324 1607 2404 poterat
1648 2319 1890 2401 colligi.
1984 2316 2136 2397 Quo
2182 2319 2468 2402 amplior

258 2424 479 2486 autem
509 2425 577 2486 et
605 2420 907 2487 diffusior
933 2426 1076 2488 erat
1112 2442 1330 2488 rerum
1359 2422 1668 2506 cognitio,
1712 2442 1843 2507 qua
1873 2423 2252 2487 memoriam
2280 2421 2469 2487 locu-

256 2523 619 2623 pletabant,
659 2546 762 2593 ‚eo
804 2527 1019 2590 minor
1063 2527 1329 2590 suberat
1369 2525 1657 2590 facultas
1700 2531 1913 2590 mente
1957 2530 2024 2590 et
2065 2525 2470 2608 cogitatione

259 2646 404 2690 eam
430 2628 791 2711 digerendi,
838 2630 1112 2714 ejusque
1143 2629 1431 2694 acumini
1458 2629 1881 2713 subjiciendi.
1976 2625 2135 2706 Qua
2162 2629 2468 2708 utilitate,

259 2749 413 2814 quae
460 2730 575 2798 ad
597 2730 1034 2815 subigendum
1093 2731 1645 2824 for-mandumque
1707 2732 2033 2824 ingenium
2095 2733 2299 2797 unica
2341 2741 2467 2814 est,

258 2833 457 2916 plane
484 2833 761 2899 tandem
786 2834 1112 2917 neglecta,
1157 2834 1275 2899 illa
1321 2834 1473 2899 sola
1520 2842 1626 2900 est
1670 2835 1925 2913 relicta,
1973 2855 2093 2919 per
2124 2855 2197 2899 se
2223 2837 2469 2901 nullius

259 2939 478 3020 pretii,
546 2957 749 3020 quam
793 2939 865 3001 in
928 2940 1363 3003 ostentatione
1426 2940 1724 3005 scientiae
1771 2939 2215 3004 collocabant.
2308 2938 2469 3003 Hac

261 3041 532 3125 quoque
559 3042 664 3104 usi
692 3046 845 3106 sunt
871 3040 1118 3125 poetae,
1164 3060 1288 3105 nec
1329 3041 1399 3103 in
1438 3042 1790 3126 postremis
1821 3041 2252 3107 Claudianus.
2341 3041 2469 3106 So·

258 3145 389 3212 lent
416 3146 686 3230 quidem
717 3147 940 3229 vulgo,
985 3148 1053 3209 in
1082 3147 1321 3231 quibus
1362 3144 1586 3229 poetis
1614 3146 1774 3209 illud
1801 3146 2096 3210 studium
2127 3166 2201 3210 se
2231 3146 2482 3228 exerit,

260 3267 374 3312 eos
421 3248 665 3312 doctos
693 3268 961 3326 vocare,
1008 3268 1362 3331 eorumque
1405 3248 1774 3312 doctrinam
1818 3269 2217 3342 magnopere
2260 3248 2478 3339 admi-7

260 3353 427 3415 rari.
493 3370 751 3429 verum,
799 3350 1063 3415 etiamsi
1105 3370 1355 3428 sumaS,
1402 3370 1535 3413 non
1566 3352 1812 3428 omnia,
1859 3373 2013 3435 quae
2044 3352 2306 3429 scirent,
2352 3371 2473 3415 eos

263 3452 599 3532 effudisse,
646 3453 767 3517 sed
817 3454 1006 3537 longe
1055 3456 1256 3537 plura
1301 3456 1676 3532 retinuisse,
1727 3455 1964 3519 solidae
1996 3461 2215 3520 tamen
2255 3454 2472 3519 erudi·

262 3556 463 3621 tionis
539 3530 825 3639 gloriam
867 3558 1251 3642 hujusmodi
1318 3557 1545 3643 po‘etae
1621 3578 2036 3642 nequaquam
2103 3564 2471 3640 merentur3

265 3659 802 3744 quandoquidem
865 3661 1113 3739 omnia,
1178 3680 1330 3743 quae
1376 3660 1746 3738 venditant,
1813 3661 2051 3744 puerili
2116 3661 2341 3725 studio
2403 3662 2475 3727 in

267 3763 513 3828 scholis
544 3769 734 3827 erant
763 3770 1170 3848 comparata,
1204 3771 1319 3830 aut
1351 3764 1611 3829 aliunde
1643 3764 1828 3829 facili
1859 3764 2126 3847 negotio
2158 3767 2472 3847 quaesita,

265 3872 341 3931 ut
360 3867 685 3931 memoria
714 3873 972 3930 tantum
996 3886 1167 3950 opus
1189 3874 1366 3932 esset
1387 3867 1704 3932 mediocri
1731 3868 1814 3931 ad
1843 3888 1924 3931 ea
1950 3869 2474 3952 complectenda,

266 3970 580 4057 nullaque
611 3970 744 4034 fere
772 3972 1012 4034 mentis
1042 3971 1459 4048 contentione
1484 3971 1568 4034 ad
1601 3991 1682 4035 ea
1710 3971 2157 4053 intelligenda.
2250 3970 2475 4049 Quam

268 4073 351 4136 ob
392 4094 531 4139 rem
574 4074 826 4151 nesci0,
891 4093 976 4137 an
1019 4076 1282 4139 vanitas
1348 4076 1607 4139 illorum
1653 4076 1873 4158 potius
1917 4074 2211 4153 ridenda,
2277 4095 2474 4157 quam

270 4173 583 4243 doctrinae
616 4162 888 4241 ubertas
934 4178 1358 4260 suspicienda
1397 4179 1506 4241 sit.
1596 4176 2057 4241 Claudianus
2038 4197 2107 4240 ιιι
2135 4179 2220 4241 iis
2250 4180 2473 4256 rebuS,

271 4297 418 4361 quae
478 4279 566 4343 ad
621 4279 1132 4363 philosophicas
1185 4279 1581 4365 disciplinas
1628 4282 1969 4363 pertinent,
2039 4300 2191 4345 cum
2250 4281 2474 4346 Mallii

272 4379 688 4464 prudentiam
730 4381 1050 4463 laudaret,
1096 4402 1288 4451 suam
1330 4384 1551 4472 ipsius
1592 4384 1948 4453 lectoribus
1979 4382 2345 4467 jactitasse
2372 4385 2492 4451 vi*
