2925 4928
436 392 580 474 404.
615 419 630 425 „
1152 405 1269 455 οι..
1316 404 1749 456 onAumAm
1796 406 1933 459 xv.

440 550 920 635 Agnoscatque
949 565 1168 626 suum,
1200 547 1477 614 trahitur
1503 548 1662 612 dum
1689 550 1984 627 victima,
2014 547 2308 616 fi‘atrem.

526 652 708 721 Haec
737 652 852 717 ubi
883 651 1487 732 sederunt-genero,
1532 650 2123 720 notissima-Marti
2249 671 2257 678 ·

439 754 739 835 Robora,
768 756 1161 838 praecipuos
1192 753 1415 817 electa
1441 754 1620 837 pube
1644 752 1977 837 maniplos

439 857 788 941 Disponit,
811 860 1148 941 portuque
1178 863 1358 920 rates
1389 854 1710 918 instaurat
1740 854 2045 921 Etrusca

439 957 857 1025 Herculeam
888 979 1050 1024 suus
1081 957 1382 1037 AlcideS,
1410 957 1455 1021 J
1461 957 1820 1042 oviumque
1850 958 2188 1023 cohortem

438 1051 599 1129 Rex
629 1062 812 1127 ducit
833 1062 1205 1145 Superum.
1236 1058 1555 1144 premitur
1578 1078 1703 1123 nec
1734 1059 2004 1142 signifer
2031 1061 2173 1125 ullo

437 1165 775 1239 Pondere:
806 1165 1127 1230 festinant
1148 1163 1315 1228 adeo
1344 1162 1606 1227 vexilla
1632 1164 1914 1227 moveri.

439 1266 738 1333 Nervius
771 1268 1160 1352 insequitur,
1189 1267 1597 1349 meritusque
1622 1265 1962 1330 vocabula
1990 1235 2207 1343 Felix,

436 1369 780 1455 Dictaque
810 1371 897 1434 ab
927 1369 1236 1455 Augusto
1266 1368 1467 1450 legiO,
1496 1387 1869 1452 nomenque
1898 1369 2262 1451 probantes

2508 649 2646 715 415

431 1544 583 1595 solio.-
601 1539 767 1596 timeat
790 1560 926 1609 eum,
948 1561 1082 1609 quem
1098 1545 1262 1605 deiecit
1295 1550 1457 1608 strage
1493 1545 1754 1596 filiorum:
1791 1549 1839 1593 et
1861 1547 2108 1605 cognoscat
2143 1556 2260 1591 eum
2279 1540 2494 1599 fratrem
2526 1557 2647 1594 esse

438 1625 593 1670 num,
617 1612 775 1660 etiam
797 1614 908 1662 dum
922 1612 1191 1674 rapitur-,ut
1214 1611 1384 1662 hostia.
1423 1613 1672 1687 Postquam
1689 1611 1788 1659 hoec
1807 1614 1991 1658 statuta
2001 1612 2112 1657 sunt
2131 1622 2161 1656 a
2179 1622 2352 1669 genero
2387 1607 2649 1672 Honorio,
2674 1641 2683 1658 ι

436 1673 639 1730 Stilicho
656 1681 896 1739 praeparot
932 1680 1143 1728 catervas
1179 1675 1380 1726 eximias
1401 1690 1430 1725 e
1453 1679 1624 1725 selecta
1633 1675 1902 1742 Juventute,
1935 1675 2075 1722 corda
2093 1671 2433 1735 probatissima
2443 1673 2649 1738 bello,et
2655 1719 2683 1726 ,,

433 1739 589 1804 reficit
609 1756 749 1789 naves
784 1741 837 1789 ιἰι
863 1746 1008 1804 portu
1046 1741 1311 1790 Hetrurioe.
1381 1737 1613 1790 Hercules
1642 1733 1814 1799 saneris
1846 1738 1976 1787 ducit
2013 1737 2201 1787 turbam
2243 1738 2650 1800 Herculeam&

436 1804 614 1853 Rector
655 1806 863 1855 Deorum
896 1806 1120 1855 Jooiom:
1153 1820 1299 1868 neque
1331 1805 1536 1866 signifer
1561 1806 1811 1865 ,retegatur
1853 1805 1946 1852 ullo
1985 1816 2155 1851 onere:
2194 1804 2308 1851 adeo
2343 1802 2483 1863 signo
2528 1803 2650 1867 ipsa

430 1875 687 1933 properant
699 1870 1011 1934 promoveri!
1045 1870 1252 1924 Nervius
1278 1871 1510 1938 sequitur,
1553 1875 1601 1920 et
1635 1869 1778 1924 Felix
1807 1868 2094 1932 promeritus
2113 1868 2211 1918 hoc
2233 1882 2416 1930 nomen,
2450 1872 2499 1917 et
2518 1868 2651 1931 legio

1356 1995 1714 2016 “nomn“

436 2063 569 2127 Reg.
591 2062 779 2112 Petav.
804 2078 885 2127 pr.
908 2081 977 2117 m.
1001 2080 1082 2130 pr.
1114 2066 1316 2118 Tholos.
1350 2065 1545 2123 Moret.
1571 2078 1676 2117 sec.
1720 2078 1930 2128 pra-ceps
1951 2062 2034 2112 vel
2063 2060 2282 2125 princeps
2322 2059 2495 2110 Oxon.
2531 2031 2646 2110 sec.

434 2129 680 2177 tremiscat
701 2130 821 2179 Vat.
847 2128 1017 2179 Livin.
1071 2135 1315 2183 tremescat
1350 2119 1515 2179 Oisel.
1569 2133 1792 2180 tumescat
1832 2127 1934 2177 Ald
1939 2129 2115 2177 .-414
2147 2142 2248 2175 cum
2271 2126 2465 2174 victima
2487 2124 2643 2174 Leid.

433 2203 517 2256 pr.
540 2193 663 2241 Vat.
689 2207 770 2256 pr.
788 2192 950 2243 Oisel.
976 2195 1098 2244 Pat.
1121 2196 1351 2243 Florent.
1396 2181 1593 2246 victima
1616 2193 1805 2244 Mar-tia
1827 2193 1952 2242 Vat.
1979 2207 2058 2255 pr.
2081 2206 2150 2240 ιιι.
2171 2206 2250 2255 ρι’.
2253 2194 2412 2239 -415
2446 2190 2646 2238 notissi-

432 2271 513 2305 ma
556 2256 698 2306 Pric.
753 2258 1004 2307 novissima
1037 2259 1162 2307 Put.
1205 2273 1274 2307 ιιι.
1309 2272 1390 2321 ρι’.
1444 2258 1626 2307 Martis
1672 2259 1822 2307 Fam.
1824 2261 1989 2307 -416
2019 2255 2152 2319 plebe
2190 2258 2339 2304 Farn.
2362 2254 2508 2303 Med.
2534 2268 2645 2308 sec.

434 2320 565 2383 Reg.
598 2320 785 2371 Petav.
808 2336 888 2386 pr.
912 2338 977 2372 m.
1003 2337 1085 2385 pr.
1111 2322 1315 2385 Tholos.
1343 2324 1472 2373 LoV.
1495 2336 1561 2370 m.
1589 2337 1666 2386 pr.
1714 2336 1869 2387 puppe
1910 2322 2056 2370 Med.
2091 2327 2214 2370 tert.
2263 2313 2384 2382 pube
2404 2319 2488 2368 vel
2506 2318 2649 2395 plebe

435 2384 669 2435 Florent.
723 2387 963 2435 ministros
982 2388 1182 2438 Thuan.
1236 2388 1434 2439 maritos
1456 2387 1536 2436 vel
1553 2387 1781 2451 maniplos
1803 2387 1924 2436 Vat.
1951 2401 2027 2449 pr.
2029 2390 2190 2434 -417
2206 2381 2476 2446 Disposuit
2496 2383 2645 2433 Prie.

432 2448 580 2501 Med.
620 2458 790 2515 quart
838 2452 967 2516 Reg.
1011 2450 1157 2502 Leid.
1192 2467 1295 2502 sec.
1335 2468 1455 2503 mox
1491 2452 1699 2516 disponit
1737 2467 1832 2516 pro
1864 2452 2099 2501 instaurat
2144 2451 2258 2500 Pal.
2298 2448 2443 2498 Med.
2489 2462 2574 2512 pr.
2574 2475 2648 2487 —-

432 2518 531 2564 418
564 2467 851 2567 Herculeam
891 2518 1016 2567 Lov.
1062 2517 1254 2571 Moret.
1292 2532 1396 2566 sec.
1427 2517 1530 2566 duo
1554 2519 1726 2566 Oxon.
1750 2524 1804 2567 et
1826 2517 2006 2567 Leidd.
2027 2515 2150 2564 Ald.
2176 2517 2305 2565 Exc.
2341 2514 2561 2563 Gevart.
2585 2518 2648 2563 et

432 2577 642 2628 Ruben.
721 2581 1000 2630 Herc-uliam
1056 2589 1161 2632 vet.
1206 2582 1332 2633 Cod.
1389 2582 1675 2634 Heracleam
1729 2583 1917 2646 Isingr.
1979 2581 2151 2633 Pulm.
2207 2579 2405 2630 Colin.
2433 2577 2681 2642 Grypb..

431 2644 742 2709 Jovinamque
762 2645 934 2696 Oxon.
957 2660 1041 2710 pr.
1088 2646 1372 2711 aoniumque
1417 2647 1573 2698 Fam.
1617 2647 1809 2698 Moret.
1851 2660 1954 2696 sec.
1996 2646 2124 2699 Exc.
2163 2645 2380 2696 Gevart.
2410 2642 2536 2694 Ald.
2552 2643 2645 2692 vi-

1429 2793 1650 2849 NOTAE

473 2903 594 2950 414
627 2901 759 2950 Dum
796 2901 1013 2971 victima]
1077 2904 1218 2954 Dum
1260 2905 1497 2955 trahetur

431 2995 601 3044 orans,
635 2980 934 3045 obsecrans,
973 2992 1028 3033 et
1069 2985 1409 3034 immolandus
1434 2991 1495 3036 ut

431 3055 658 3115 victima.
693 3057 774 3107 De
819 3058 995 3109 Morte
1036 3060 1295 3122 Gildonis,
1332 3062 1491 3112 histo-

428 3130 525 3180 rici
561 3147 666 3182 non
701 3134 827 3183 satis
864 3137 1224 3187 consentiunt:
1257 3138 1494 3187 Zosimus

431 3222 548 3258 eum
581 3206 674 3258 sua
709 3225 880 3274 mann,
914 3210 1132 3261 Orosius
1173 3213 1239 3262 ab
1271 3214 1382 3265 aliis
1420 3215 1495 3263 ait

430 3298 546 3335 esse
568 3288 961 3350 strangulatum.

492 3368 588 3414 415
625 3363 883 3430 Sederunt]
939 3367 1222 3432 Postquam
1255 3368 1382 3417 talia
1415 3384 1493 3417 se-

430 3438 636 3503 derunt,
662 3441 714 3489 id
744 3449 841 3503 est,
861 3449 972 3491 rata
993 3456 1054 3491 ac
1077 3443 1183 3492 fixa
1204 3442 1416 3493 fuerunt
1438 3444 1492 3492 in

430 3519 862 3583 animo’Honorii,
898 3521 984 3586 qui
1026 3536 1187 3585 gener
1208 3529 1325 3571 erat
1352 3521 1493 3571 stiti-

427 3595 621 3647 chonis.
688 3597 894 3647 Dicitur
927 3598 1156 3661 optime,
1184 3600 1200 3627 ‘
1228 3597 1361 3647 Haec
1384 3598 1492 3646 ani-

426 3683 511 3720 mo
533 3673 792 3721 sententia
811 3672 983 3734 sedit,'
1009 3675 1107 3738 vel,
1129 3673 1144 3701 ‘
1163 3673 1297 3726 Quae
1322 3674 1492 3724 animo

427 3750 689 3797 sententia
710 3756 887 3812 surgat
902 3748 939 3796 Ρ

469 3827 589 3873 ·417
630 3824 847 3886 Ειηιεσο]
877 3824 978 3873 Vel
996 3823 1344 3889 Hetrusco,in
1359 3825 1489 3875 u-rbe

425 3898 585 3962 Pisis,
630 3900 910 3964 quae-urbs
945 3907 1028 3951 est
1066 3902 1329 3952 Hetruriae
1369 3917 1487 3953 cum

426 3980 583 4039 portu
606 3978 891 4027 commodo.

491 4055 588 4102 418
622 4053 928 4117 Herculeam]
962 4054 1218 4113 Hercules
1250 4069 1389 4117 suus,
1429 4055 1486 4116 id

424 4135 524 4193 est,
544 4127 724 4177 favens
762 4129 909 4178 ducit
945 4131 1259 4194 legionema
1281 4146 1371 4180 suo
1395 4146 1486 4181 no·

424 4206 562 4254 mine
601 4205 814 4257 dictam.
883 4206 1043 4270 Legio
1073 4207 1310 4258 Herculea
1349 4208 1492 4257 dicta

428 4286 511 4332 est
530 4297 562 4332 a
582 4281 900 4334 Maximiano
914 4283 1206 4350 ῌειουιίος
1240 4285 1390 4336 Jovia
1403 4299 1493 4337 au-

1575 2913 1681 2956 tem
1715 2922 1748 2956 a
1784 2907 2115 2958 Diocletiano
2144 2905 2319 2968 Jovio‚
2340 2904 2428 2971 qui
2452 2917 2540 2954 eas
2565 2901 2645 2953 in-

1574 2983 1877 3033 stituerunt.

1639 3058 1854 3121 Alcides]
1903 3059 2156 3109 Hercules
2196 3059 2272 3109 sic
2313 3057 2505 3161 dictus,
2544 3055 2639 3106 ἀπὸ

1573 3136 1660 3194 τῆς
1676 3135 1840 3198 ἂλκης,
1861 3152 1891 3184 α
1910 3136 2088 3188 robore.

1637 3217 1735 3263 419
1767 3213 2067 3276 Premitur]
2088 3214 2203 3264 Nec
2240 3209 2476 3276 signiferi
2496 3211 2640 3261 labo·

1572 3293 1693 3340 rant
1732 3290 1786 3337 in
1826 3289 2110 3338 evellendis
2150 3290 2326 3354 signis,
2365 3288 2505 3352 quod
2545 3287 2640 3337 bo·

1571 3381 1695 3415 num
1727 3374 1842 3416 erat
1882 3381 2031 3415 omen
2055 3367 2286 3417 victoriae
2309 3365 2632 3417 referenda:

1570 3449 1774 3505 contra,
1817 3443 1858 3492 si
1902 3459 2038 3507 segre
2084 3445 2230 3507 signa
2286 3443 2639 3492 avellerentur

1516 3534 1521 3539 ·
1570 3533 1665 3582 pro
1686 3519 1886 3570 infelici
1911 3530 2153 3584 portento
2171 3520 2512 3570 habebantur.
2569 3521 2636 3570 Id
2662 3538 2667 3543 ·

1573 3594 1710 3657 quod
1733 3601 1790 3643 et
1814 3595 2082 3657 Flaminio,
2116 3609 2269 3660 quem
2294 3595 2490 3646 delevit
2529 3595 2635 3644 An-

1568 3669 1730 3732 nibal,
1751 3675 1805 3718 et
1827 3671 2031 3732 Crasso,
2067 3686 2219 3735 quern
2255 3670 2438 3720 Parthi
2459 3670 2635 3775 profli-
2706 3730 2710 3734 Α

1572 3752 1782 3809 gerunt,
1805 3747 1995 3796 evenit.

1609 3827 1747 3873 421
1767 3823 1995 3886 Nervius]
2031 3827 2174 3875 Unus
2193 3839 2223 3874 e
2242 3825 2580 3876 Ductoribus.

1632 3901 1800 3964 Felix]
1850 3903 1994 3951 Unus
2018 3917 2218 3967 quoque
2237 3916 2266 3950 e
2288 3901 2633 3966 Ductoribus,

1568 3978 1653 4028 cui
1676 3993 1757 4029 res
1779 3992 2032 4043 prospere
2055 3986 2109 4028 et
2126 3977 2354 4028 feliciter
2367 3984 2528 4042 gestae
2544 3994 2636 4031 no·

1566 4064 1685 4105 men
1703 4055 1880 4111 Felicis
1901 4063 2232 4120 pepererunt.
2492 4070 2503 4077 ’
2564 4071 2571 4083 ’

1608 4136 1729 4182 4·22
1768 4131 2025 4196 Dictaque]
2112 4132 2291 4196 Legio
2349 4132 2630 4184 Honor-iana

1568 4209 1715 4260 dicta
1752 4209 1817 4260 ab
1867 4209 2099 4262 Honorio
2140 4211 2505 4318 Imperatore
2523 4209 2628 4262 An·
2654 4208 2661 4233 ³

1570 4290 1737 4351 gusto.
