2925 4928
412 395 555 467 168
1170 409 1289 459 cm
1322 406 1763 458 amnis-m
1807 405 1880 454 ν.
1913 438 1918 449 .

424 561 588 629 Νοιι
614 559 802 626 illum
831 556 1095 623 Natura
1118 555 1345 643 capit:
1391 568 1850 639 quascumque
1878 552 2141 637 paravit
2239 556 2247 565 ‘

425 666 567 733 Hic
599 663 944 747 Augustus
969 680 1156 746 opeS‚
1186 666 1273 737 et,
1305 676 1476 742 quas
1504 664 1658 742 post
1683 658 1860 723 bella
1881 655 2159 739 recepit,

424 768 625 834 Solus
652 766 889 830 habet:
934 781 1256 848 possessa
1282 762 1489 826 semel
1517 780 1647 825 non
1675 759 1941 825 reddere
1969 762 2177 823 curat.

413 871 703 937 ‘Scilicet
728 869 838 932 ille
870 867 1134 950 quidem
1164 865 1520 950 tranquilla
1544 884 1716 948 pace
1741 862 2035 931 fruatur:
2221 918 2226 923 .

423 974 576 1039 Nos
605 978 864 1058 premat
890 970 1200 1035 obsidio?
1247 969 1407 1053 quid
1439 975 1693 1052 partem
1719 966 2033 1032 invadere
2062 968 2264 1030 tentat
2282 965 2313 1027 ‘l
2413 972 2418 976 ’
2493 961 2629 1028 leo

421 1078 711 1143 Deserat
732 1075 1036 1160 Illyricos
1065 1073 1268 1153 fines;
1316 1072 1465 1137 an
1494 1072 1780 1136 remittat

420 1180 752 1264 Agmina3
795 1177 1120 1243 fraternas
1148 1197 1236 1242 ex
1261 1194 1459 1260 aequo
1485 1175 1743 1240 dividat
1767 1174 2032 1256 hastas3

422 1283 573 1348 Nec
603 1282 850 1366 sceptri
879 1284 1128 1345 tantum
1156 1279 1382 1357 fueriS,
1415 1280 1539 1344 sed
1567 1279 1818 1356 militis),
1847 1279 2088 1343 haeres.

424 1385 629 1466 Quod
659 1387 718 1451 si
750 1385 1136 1450 dissimulas
1162 1388 1403 1448 nostrae
1432 1397 1813 1451 succurrere
1839 1383 2058 1461 morti,

416 1584 493 1636 bit
511 1585 666 1647 illum,
688 1599 782 1634 non
806 1583 951 1633 Orbis
973 1582 1251 1634 universus.
1321 1582 1627 1647 Quascunque
1661 1583 1859 1633 divitius
1892 1580 1971 1632 hic
2002 1583 2266 1646 Imperator
2300 1578 2625 1631 Theodosius

417 1652 693 1713 cumulavit,
713 1655 761 1700 et
790 1664 905 1715 quas
927 1648 1144 1698 resumsit
1162 1653 1268 1712 post
1297 1649 1478 1711 proeliu,
1498 1665 1620 1698 unus
1652 1649 1871 1698 Stilicho
1891 1648 2121 1711 possidet.-
2153 1662 2237 1696 nec
2267 1647 2449 1708 satagit
2482 1645 2624 1694 resti-

419 1721 552 1766 tuere
574 1730 656 1765 res
679 1716 820 1764 semel
834 1719 1097 1777 occupatus.
1166 1714 1409 1763 Nimirum
1430 1714 1515 1763 ille
1533 1715 1750 1764 Stilicho
1769 1713 1985 1777 potiatur
1998 1728 2114 1777 pace
2124 1713 2339 1776 placida.-
2363 1727 2446 1760 nos
2462 1710 2627 1760 obrua-

418 1796 525 1830 mur
546 1775 818 1830 obsidione?
849 1794 934 1828 cur
949 1784 1149 1828 conatur
1168 1794 1391 1844 occupare
1411 1779 1740 1828 haereditatem
1761 1779 1933 1827 tuam?
1964 1777 2201 1842 relinquat
2220 1777 2485 1840 provincius
2508 1776 2628 1839 Illy-

419 1847 576 1895 ricas:
607 1847 777 1894 reddat
797 1848 1010 1896 catervas
1034 1843 1247 1893 Orientis
1259 1861 1280 1904 ,·
1307 1845 1555 1908 partiatur
1586 1844 1833 1908 (equaliter
1853 1843 2093 1893 exercitus
2112 1842 2376 1903 fraternos,
2399 1855 2546 1904 neque
2567 1845 2626 1889 tu

416 1911 501 1976 sis,
520 1926 551 1961 ο
574 1909 792 1975 Arcadi,
811 1922 1043 1960 successor
1062 1914 1249 1959 tuntum
1268 1911 1480 1974 imperii,
1500 1911 1580 1959 sed
1602 1914 1649 1958 et
1671 1908 1976 1960 exercituum.
2013 1908 2152 1965 Quod
2172 1907 2378 1974 sifiugis
2398 1905 2629 1956 auxiliari

1342 2055 1397 2073 θ’
1402 2055 1486 2075 ‘O‘
1492 2055 1697 2076 OOOOOCO

414 2157 632 2218 pererrat
656 2152 771 2202 Pal.
794 2151 941 2200 Med.
966 2154 1211 2214 pr.—l58
1244 2166 1326 2201 nec
1346 2149 1470 2201 Vat.
1491 2166 1569 2215 pr.
1612 2152 1704 2201 sibi
1739 2168 1833 2216 pro
1866 2155 2007 2204 semel
2028 2160 2082 2204 et
2104 2168 2227 2203 curae
2258 2151 2443 2202 Ambr.
2465 2164 2546 2215 pr.
2569 2150 2628 2200 et

420 2219 605 2269 Sched.
630 2217 937 2267 Gud.-159
972 2215 1168 2266 Scilicet
1208 2216 1403 2267 Moret.
1436 2231 1543 2266 sec.
1586 2232 1703 2269 am.
1739 2233 1843 2268 sec.
1877 2220 1936 2268 Si
1971 2219 2081 2269 licet
2118 2221 2260 2268 Rott.
2297 2220 2349 2266 in
2377 2231 2492 2281 pace
2509 2215 2628 2266 Pal.

419 2283 669 2333 Heinsius
694 2281 1022 2346 conjiciebat,
1055 2282 1307 2344 tranquilla
1328 2286 1383 2330 ut
1449 2281 1761 2341 acefruutur.
1797 2284 2000 2345 fruatur
2023 2285 2173 2333 Farn.
2198 2282 2343 2333 Med.
2368 2297 2469 2331 sec.
2494 2282 2627 2331 Exc.

420 2350 643 2401 Lucem.
667 2362 772 2397 sec.
800 2346 884 2395 ed.
910 2347 1086 2395 Parm.
1112 2354 1168 2395 et
1189 2347 1358 2396 Vicet.
1417 2352 1583 2396 ruetur
1607 2348 1720 2398 Pal.
1740 2349 1967 2399 Floreat.
1994 2349 2193 2399 Bonon.
2214 2349 2410 2404 Mazar.
2435 2347 2625 2395 PetaV.

420 2421 549 2477 tres,
571 2412 698 2463 item
722 2418 832 2462 tres
859 2411 1004 2460 Med.
1031 2411 1203 2461 Oxon.
1230 2425 1307 2475 pr.
1333 2412 1434 2461 duo
1457 2412 1602 2463 Leid.
1624 2413 1842 2463 totidem
1865 2414 2049 2466 Ambr.
2073 2422 2129 2464 et
2148 2414 2331 2463 Heius.
2356 2413 2473 2461 Pat.
2495 2413 2627 2463 LoV.

410 2479 588 2530 'Oiseh
610 2480 735 2529 Vat.
757 2483 882 2541 tres,
903 2478 1029 2527 item
1074 2477 1200 2526 Vat.
1234 2476 1402 2527 Livin.
1440 2480 1571 2528 Exc.
1614 2480 1766 2541 Laeti,
1801 2480 2016 2530 Gevart.
2043 2481 2159 2532 cod.
2184 2480 2420 2529 Pulman.
2444 2484 2500 2527 et
2524 2480 2628 2527 Lu-

419 2558 561 2594 cens.
583 2559 663 2609 pr.
686 2542 890 2605 fruatur
927 2542 1010 2591 vel
1038 2540 1237 2603 fruetur
1270 2544 1401 2606 Reg.
1439 2544 1729 2593 Put.-1oo
1757 2550 1942 2609 premat
1971 2547 2124 2596 Farn.
2163 2546 2392 2595 Florent.
2422 2543 2630 2593 Thuan.

420 2611 621 2659 Bonon.
664 2610 786 2658 Pat.
826 2615 931 2657 tres
966 2607 1153 2656 Petam
1195 2615 1415 2672 quatuor
1454 2608 1600 2657 Med.
1639 2623 1770 2664 unus
1807 2611 1994 2660 Heius.
2031 2611 2159 2661 Exc.
2193 2612 2410 2659 Lucens.
2435 2623 2515 2673 pr.
2539 2608 2629 2659 ed.

418 2674 595 2725 Parm.
621 2680 676 2725 et
691 2675 864 2723 Vicet.
894 2677 1078 2737 premet
1094 2672 1219 2723 Vat.
1244 2673 1410 2723 Livin.
1440 2674 1647 2723 Tholos.
1674 2676 1872 2725 Mazar.
1895 2675 2092 2734 Incert.
2112 2676 2293 2725 Heius.
2317 2684 2421 2724 tres
2436 2674 2626 2724 Ambr.

410 2741 592 2803 premit
611 2740 695 2791 ed.
719 2740 909 2802 Isingr.
934 2747 990 2788 et
1012 2737 1216 2802 Gryph.
1258 2739 1438 2801 premit
1456 2739 1539 2788 vel
1552 2744 1735 2803 premet
1756 2741 1880 2790 Vat.
1906 2756 1987 2805 pr.
2010 2756 2081 2791 m.
2106 2757 2183 2806 pr.
2212 2745 2398 2805 premat
2417 2740 2499 2788 vel
2516 2753 2632 2803 pre-

412 2810 510 2853 met
533 2806 655 2855 Pnt.
673 2805 725 2854 iu
747 2818 875 2853 voce
896 2803 1074 2852 obsidio
1095 2803 1335 2854 mendum
1354 2804 1565 2854 subesse
1589 2804 1881 2868 suspicatur
1903 2806 2167 2857 Heinsius.
2206 2821 2345 2869 quam
2359 2810 2497 2868 purte
2520 2804 2629 2856 duo

410 2870 543 2921 ·Vat.
564 2869 678 2934 quid
697 2870 776 2917 vel
799 2869 881 2931 qui
904 2868 1075 2918 Oxou.
1099 2882 1178 2930 pr.
1226 2869 1331 2932 quis
1351 2868 1516 2919 Oisel.
1563 2885 1726 2932 pacem
1751 2872 1880 2920 Exc.
1906 2871 2021 2921 Pat.
2043 2887 2146 2921 rec.
2177 2886 2341 2934 parem
2363 2870 2479 2921 cod.
2504 2868 2629 2918 Cla-

417 2948 526 2983 ver.
575 2939 778 2998 spurtem
796 2933 981 2995 Isingr.
1029 2937 1213 2996 partem
1230 2933 1432 2983 Tholos.
1457 2936 1689 2985 Florent.
1713 2934 1895 2984 Ambr.
1923 2942 2048 2985 tert.
2093 2944 2278 3000 purtem
2299 2951 2368 2985 sc.
2414 2939 2630 2984 nostrum

414 3000 593 3064 Gloss.
614 2999 757 3048 Med.
791 3013 896 3048 sec.
923 2998 1165 3047 Heinsius
1189 2999 1504 3062 ascripserat
1543 3002 1711 3048 locum
1751 3001 2030 3065 Capitolin.
2067 3002 2120 3051 in
2159 3000 2442 3050 Pertinace
2465 3014 2517 3062 p.
2540 3004 2625 3051 54.

416 3066 452 3115 1.
470 3065 575 3115 13.“
592 3080 623 3114 a
641 3060 872 3128 partibus
896 3068 1125 3112 remotus
1137 3062 1252 3112 est!
1272 3063 1376 3112 vid.
1397 3064 1690 3114 Casaubon.
1710 3080 1762 3128 p.
1785 3070 1898 3115 los.
1920 3072 1975 3115 et
1987 3066 2195 3117 Salmas.
2215 3080 2268 3129 p.
2288 3069 2400 3115 125.
2425 3066 2490 3113 de
2510 3078 2634 3127 par·

420 3129 562 3179 tibus
584 3130 818 3193 Scaliger
839 3128 904 3177 ad
928 3128 1271 3177 Manu—161
1317 3130 1473 3190 AEgeu
1496 3130 1628 3178 Exc.
1657 3130 1966 3180 Voss.-162
2008 3134 2110 3180 alus
2140 3132 2270 3195 legit
2288 3129 2628 3180 Heinsius.—

412 3197 514 3244 ’163
535 3195 660 3259 cepti
684 3195 813 3244 Exc.
830 3194 980 3243 Voss.
990 3192 1153 3253 fueris
1171 3194 1252 3242 sed
1273 3198 1460 3243 tantum
1482 3195 1847 3252 'l'huamfueris
1861 3201 2047 3245 tuntum
2064 3197 2279 3258 triginta
2299 3195 2465 3246 codd.
2489 3195 2627 3245 Exc.

418 3260 572 3321 Laeti,
592 3259 807 3310 Gevart.
828 3259 977 3308 Voss,
1001 3265 1057 3307 et
1096 3259 1316 3307 Luceus,
1346 3274 1426 3322 pr.
1449 3259 1533 3313 ed.
1558 3260 1732 3309 Vicet.
1758 3262 1933 3311 Parm.
1956 3262 2103 3313 Junt.
2125 3263 2452 3311 Golia—164
2483 3259 2626 3309 dissi-

417 3326 569 3375 mulas
589 3325 693 3375 duo
726 3325 848 3373 Vat.
887 3324 1016 3374 Exc.
1045 3323 1179 3373 Laeti
1203 3329 1258 3372 et
1282 3325 1502 3374 Lucens.
1530 3339 1635 3376 sec.
1666 3326 1934 3376 dissimulas
1954 3328 2035 3377 vel
2057 3328 2319 3377 dissimules
2340 3326 2513 3376 Oxon.
2538 3338 2624 3389 pr.

1414 3474 1626 3524 NOTAE

422 3613 523 3669 rat,
545 3611 604 3657 ut
633 3605 938 3657 resisterent
953 3605 985 3654 ι’
1020 3610 1077 3654 et
1098 3595 1303 3674 'Livius,
1332 3605 1347 3635 ‘
1366 3606 1480 3656 aliis
1560 3607 1656 3657 hac
1680 3623 1826 3658 voce.

404 3685 611 3744 *bellum
626 3683 827 3747 jussum
845 3682 996 3732 erat!
1486 3725 1490 3728 ,
1627 3690 1720 3735 162
1755 3685 1961 3749 Hostus]
1992 3684 2364 3735 Velexercitus
2389 3699 2484 3749 per
2503 3686 2623 3735 has·

486 3760 599 3809 Non
651 3758 827 3821 orbita]
890 3759 1187 3809 Stilichonis
1244 3761 1481 3823 potentia
1559 3768 1663 3812 tam
1711 3764 1971 3827 signatos3
2033 3763 2114 3812 vel
2153 3768 2436 3827 sceptrum,
2475 3762 2619 3827 quod

416 3850 520 3887 non
547 3835 751 3897 iisdem,
774 3836 958 3901 quibus
979 3837 1089 3900 Sol,
1111 3837 1356 3887 limitibus
1380 3838 1479 3887 cir·
1559 3839 1735 3889 Graeci
1769 3846 1961 3890 vocant
1994 3842 2248 3905 σκῆπτρον,
2280 3840 2484 3901 mum,
2514 3854 2621 3906 qua

421 3912 803 3964 cumscribitur.
1555 3917 1727 3981 Reges
1764 3918 1884 3967 oiim
1927 3918 2314 3967 innitebantur:
2363 3920 2624 3984 σκῆπτρον,

488 3995 582 4040 160
618 3988 840 4052 Partem]
904 3989 1117 4039 Partem
1158 3989 1478 4042 haereditatis
1553 3992 1647 4042 ὰπὸ
1668 3995 1756 4043 τοῦ
1774 3992 2083 4057 σκήπτεσθαι,
2098 3995 2262 4045 inuiti.

420 4076 543 4129 tuae,
565 4065 767 4115 scilicet
788 4065 1068 4128 Imperium
1091 4065 1343 4115 Orientis.
1622 4075 1714 4120 163
1753 4072 1945 4134 Haeres]
1983 4071 2084 4120 Alii
2118 4071 2382 4122 deducunt
2417 4071 2482 4122 ab
2517 4072 2625 4122 1·ae-

399 4175 403 4180 ·
485 4146 579 4192 161
614 4140 853 4206 Illyricos]
889 4141 1070 4205 Illyria
1104 4147 1185 4191 est
1224 4149 1371 4191 vasta
1399 4158 1477 4192 re·
1555 4142 1733 4195 ren'do:
1764 4148 1877 4197 aliis
1915 4148 2049 4197 lieres
2084 4147 2151 4197 ab
2190 4148 2319 4210 kero,
2340 4147 2623 4211 qui..domi·

406 4222 508 4288 gio
529 4235 685 4285 supra
703 4221 867 4269 sinum
891 4219 1233 4270 Adriaticum.
1557 4237 1652 4273 nus
1689 4232 1804 4277 est:
1846 4224 2111 4290 Scaligero
2148 4224 2283 4274 lieres
2311 4222 2522 4290 dicitur,
2553 4229 2620 4275 ut

485 4297 617 4372 an]
669 4296 918 4351 Orienti&
970 4296 1139 4365 Supra
1181 4298 1370 4372 saejpius
1408 4298 1476 4350 de
1555 4299 1692 4365 ἥρως.
