2925 4928
506 410 646 489 m

1166 426 1303 474 ct..
1349 418 1782 471 ohAumANl
1832 417 2001 467 vlu.

513 574 667 640 Nec
696 577 761 638 te
790 570 1213 656 progenitum
1247 564 1619 648 Cybeleius
1653 579 1785 627 aere
1809 575 2059 625 ,sonoro

514 675 863 741 Lustravit
889 673 1216 757 Corybas.
1265 722 1273 731 .
1306 667 1667 732 Exercitus
1696 662 1992 745 undique
2019 659 2275 740 fulgens

505 778 780 843 Astitit:
826 775 1115 840 ambitur
1143 772 1357 854 signis
1387 770 1729 851 augustior
1758 764 1984 829 infans
2015 783 2032 826 t

2593 653 2711 718 150

510 880 733 946 Sentit
762 878 1124 943 adorantes
1156 875 1409 956 galeae,
1439 869 1791 953 redditque
1822 865 2107 930 ferocem

510 983 833 1064 Vagitum
862 979 1076 1044 lituis.

1165 976 1399 1042 Vitam
1429 972 1557 1037 tibi
1587 969 1866 1035 contulit
1893 968 2073 1031 idem

508 1082 1017 1167 Imperiumque
1047 1079 1242 1146 dies:
1287 1077 1457 1141 inter
1487 1072 1826 1139 cunabula
1854 1068 2113 1139 Consul

508 1184 910 1250 Proveheris
937 1203 954 1248 ι
1003 1184 1254 1266 signaS,
1285 1179 1509 1264 posito
1540 1174 1743 1241 modo
1770 1173 2064 1250 nomine,
2094 1169 2311 1235 fastos
2337 1188 2356 1248 ;

2589 1164 2713 1228 155

509 1288 947 1372 Donaturque
978 1287 1124 1365 tibi,
1157 1286 1271 1370 qui
1303 1288 1368 1348 te
1397 1281 1828 1367 produxerat,
1858 1293 2087 1340 annus.
2185 1349 2212 1367 ι,

507 1391 680 1474 Ipsa
711 1390 1042 1470 Quirinali
1070 1391 1447 1474 parvumte
1478 1384 1695 1449 cinxit
1723 1380 1976 1445 amictu
2011 1434 2012 1437 ,

497 1572 757 1635 personuit.
823 1571 991 1634 Neque
1037 1568 1247 1633 Corybas
1285 1565 1535 1631 Cybeleius
1577 1568 1625 1612 te
1655 1566 1822 1611 natum
1877 1558 2186 1609 circumdedit
2233 1556 2382 1607 armis
2423 1551 2715 1604 sonantibus:

503 1638 711 1700 legiones
744 1637 1047 1700 undequaque
1084 1637 1377 1683 conisa-antes
1417 1629 1673 1694 affuerunt.
1740 1625 1908 1684 Infans
1947 1622 2254 1673 venerabilior
2290 1621 2470 1670 cinctus
2511 1617 2714 1690 vexillis,

502 1702 653 1751 cernit
674 1702 877 1750 cassides
905 1700 1141 1761 cultrices,
1164 1703 1213 1747 et
1240 1697 1492 1759 respondet
1510 1694 1639 1743 tubis
1673 1693 1840 1754 vag-itu
1872 1689 2091 1739 terribili.
2157 1688 2270 1736 Lux
2292 1688 2452 1734 eadem
2470 1683 2605 1732 dedit
2624 1680 2713 1730 tibi

499 1767 648 1815 vitam
669 1772 715 1816 et
737 1766 959 1815 honores.-
1018 1765 1193 1813 Consul
1215 1761 1429 1826 procedis
1448 1761 1578 1808 inter
1598 1771 1758 1818 cunas,
1797 1761 1845 1805 et
1875 1755 2097 1817 designas
2117 1751 2277 1813 fastos
2296 1749 2478 1799 montiae
2497 1745 2714 1810 imponito

484 1832 598 1880 ‘tibi
618 1846 784 1895 nuper,
802 1836 849 1880 et
869 1831 1006 1879 idem
1028 1828 1144 1879 fere
1180 1834 1347 1888 annus,
1369 1825 1450 1889 qui
1472 1825 1684 1874 ediderat
1709 1826 1775 1883 te,
1813 1819 2098 1870 attribuitur
2112 1818 2219 1867 tibi.
2286 1817 2471 1864 Parens
2490 1813 2598 1876 ipsa
2617 1823 2714 1863 m·

501 1896 612 1945 tivit
635 1901 684 1945 te
716 1897 933 1947 tenellum
967 1894 1130 1945 trabea
1165 1892 1432 1954 consulari,
1469 1895 1517 1938 et
1555 1885 1834 1938 monstravit
1871 1885 1970 1935 tibi
2001 1885 2220 1948 obrepere
2240 1882 2303 1930 ad
2321 1880 2505 1930 curules
2518 1877 2741 1941 μήνιεν

1426 2052 1724 2074 θὐῥηθθθ
1730 2051 1789 2071 00

501 2188 649 2238 Voss.
661 2188 783 2239 Jun.
797 2189 968 2239 Oxou.
987 2187 1133 2238 Leid.
1144 2190 1336 2239 Lovan.
1350 2195 1406 2238 et
1423 2186 1694 2236 alit—149
1711 2186 1817 2234 Non
1831 2189 1880 2234 te
1893 2181 2130 2232 droat.
2144 2179 2293 2228 Farn.
2308 2177 2504 2226 Mazar.
2520 2173 2715 2223 Mutet.

501 2268 604 2303 sec.
625 2252 749 2303 Var.
774 2254 876 2302 LL.
894 2268 924 2302 e
947 2268 1108 2316 marg.
1132 2253 1304 2303 Parm.
1328 2260 1385 2302 et
1422 2251 1504 2301 ed.
1521 2250 1694 2299 vicet.
1733 2264 1814 2298 ore
1834 2247 2110 2297 duodecim
2141 2242 2320 2307 scripti
2344 2241 2471 2288 Exe.
2495 2238 2715 2287 Gevart.

500 2317 535 2368 J
541 2331 621 2367 un.
648 2316 816 2367 Oxou.
841 2317 986 2368 Leid.
1008 2333 1086 2366 ore
1101 2333 1260 2367 sereno
1274 2317 1396 2368 Vat.
1421 2322 1543 2366 tert.
1567 2316 1711 2364 Rott.
1732 2329 1813 2362 ore
1834 2327 1995 2361 sereno
2020 2310 2101 2359 vel
2123 2323 2217 2373 aere
2235 2320 2402 2356 sonoro
2418 2305 2717 2353 Florent.-—'-

502 2386 596 2430 151
616 2381 818 2430 ambitus
835 2382 1007 2432 Oxou.
1029 2398 1130 2431 sec.
1147 2382 1356 2431 ambitur
1373 2381 1551 2431 decem
1571 2379 1674 2428 alii.
1708 2378 1913 2427 ambitus
1930 2382 1985 2426 et
2008 2373 2212 2424 emend.
2234 2371 2439 2421 ambitur
2458 2370 2589 2418 Var.
2613 2367 2715 2415 LL.

504 2460 535 2495 e
578 2460 739 2511 marg.
763 2448 938 2499 Parin.
955 2447 1207 2509 angustior
1226 2449 1347 2498 Vat.
1372 2452 1541 2511 quart.
1560 2446 1847 2497 Lem-152
1864 2441 2011 2491 sentit
2031 2442 2279 2489 adoravoee·
2302 2433 2448 2486 Leid.
2482 2447 2565 2497 pr.
2589 2432 2715 2481 Exc.

482 2513 718 2561 Lucens,
738 2527 843 2562 sec.
898 2514 1072 2563 Sensit
1101 2528 1287 2563 novem
1313 2512 1415 2562 alii.
1447 2514 1697 2561 odorantes
1718 2510 1839 2558 Var.
1864 2508 1969 2556 LL.
1992 2505 2077 2556 ed.
2099 2504 2418 2554 Antv.—-163
2440 2500 2596 2547 lituus
2616 2502 2717 2546 vet.

501 2577 631 2639 Gyr·
649 2579 810 2640 pueris
831 2578 976 2629 Med.
1000 2584 1283 2629 tert—155
1314 2576 1595 2628 Proveheris
1615 2576 1743 2625 Exc.
1766 2576 1989 2623 Luceus.
2013 2584 2114 2619 sec.
2132 2566 2415 2617 Perveheris
2436 2562 2519 2612 ed.
2548 2562 2720 2612 Vicet.

442 2691 447 2696 .
497 2641 671 2691 Parm.
725 2642 888 2706 signas
924 2643 1027 2693 duo
1065 2644 1187 2695 Vat.
1226 2645 1356 2693 Exc.
1378 2644 1599 2692 Lucens.
1622 2654 1730 2689 sec.
1783 2640 1980 2700 signans
2011 2640 2212 2698 septem
2235 2632 2338 2681 alii.
2388 2629 2576 2692 positos
2595 2627 2717 2694 Jun.

501 2721 578 2769 pr.
630 2707 807 2769 primos
827 2704 927 2757 duo
949 2709 1142 2758 Moret.
1190 2709 1345 2772 posito
1368 2707 1459 2757 tibi
1482 2706 1675 2756 Moret.
1700 2718 1803 2753 sec.
1849 2702 2025 2765 positos
2044 2701 2102 2748 de
2122 2697 2307 2747 nomine
2328 2696 2524 2744 Moret.
2550 2706 2631 2757 pr.
2650 2704 2718 2741 m.

502 2785 578 2836 pr.
591 2770 756 2831 fastus
779 2773 904 2823 Exc.
931 2774 1146 2824 Luceus,
1181 2788 1284 2823 sec.
1307 2771 1448 2838 quod
1480 2770 1724 2835 probavit
1743 2767 2092 2817 Heins.—156
2120 2760 2401 2827 produxerit
2421 2758 2548 2810 Jun.
2574 2770 2719 2821 pr.--

1500 2897 1726 2949 NOTAE

566 3015 662 3060 149
699 3011 945 3075 Cybeleius
965 3012 1197 3077 Corybas]
1222 3012 1568 3077 Corybantes»,

499 3086 724 3150 Cybeles
763 3103 964 3151 magnae
993 3090 1224 3139 Deorum
1262 3091 1442 3138 matris
1480 3088 1568 3137 Sa-

498 3161 763 3223 cerdoteS,
785 3178 889 3212 non
912 3169 967 3213 te
986 3167 1268 3228 lustrarunt,
1291 3166 1374 3214 vel
1397 3166 1450 3214 in
1468 3164 1567 3214 cir-

498 3240 670 3289 culum
694 3240 1003 3302 ambierunt,
1024 3250 1082 3292 ut
1102 3243 1290 3294 Jovem
1315 3242 1368 3291 in
1405 3243 1568 3293 Creta

496 3314 663 3365 insula
684 3330 865 3366 recens
903 3326 1100 3380 natum,
1129 3334 1225 3368 oere
1243 3333 1426 3380 sonoro,
1446 3331 1565 3367 cum

499 3391 748 3455 cymbalis
787 3393 1090 3443 sonantibus
1130 3409 1196 3444 ex
1247 3410 1351 3444 aere
1390 3394 1567 3457 factis,

497 3480 565 3516 ne
603 3466 752 3532 pueri
789 3468 994 3532 vagitus
1016 3469 1291 3520 aSaturno
1329 3477 1482 3533 patre
1505 3468 1565 3518 ii·-

478 3544 651 3612 ·beros
669 3546 922 3594 masculos
946 3545 1232 3596 devorante
1254 3544 1542 3594 audiretur.

564 3627 662 3672 150
714 3624 1011 3688 Exercitus]
1054 3624 1244 3675 Astitit
1282 3624 1379 3674 tibi
1424 3623 1564 3672 inter

501 3713 646 3749 arma
669 3702 927 3765 nascenti.

565 3778 675 3833 152,
696 3777 961 3826 adorantes
998 3777 1185 3840 galeas]
1239 3777 1361 3827 Non
1400 3776 1562 3839 galeae

495 3848 732 3910 adorant,
758 3850 850 3899 sed
873 3852 1061 3903 milites
1078 3854 1290 3917 galeati,
1311 3866 1423 3902 sese
1441 3850 1564 3901 ado-

471 3924 722 3997 rantium
742 3940 882 3974 more
905 3926 1290 3978 submittentes,

570 4002 836 4066 Redditque
867 4002 1097 4067 ferocem]
1168 4006 1295 4054 Edit
1334 4003 1565 4054 ferocem

499 4078 640 4128 tubis
679 4079 1041 4143 clangentibus
1080 4081 1330 4145 vagitum,
1353 4081 1566 4146 quijam

501 4153 750 4203 audacem
776 4160 961 4217 arguat
995 4156 1235 4206 animam.
1301 4156 1366 4205 Id
1391 4164 1563 4205 tamen

500 4230 570 4281 de
590 4229 826 4279 Honorio
849 4244 951 4279 non
967 4232 1307 4281 'confirmavit
1328 4238 1565 4282 eventus.

568 4310 663 4357 154
685 4305 822 4357 Inter
841 4307 1069 4359 cunabula
1085 4308 1280 4373 Consul]
1302 4309 1565 4366 Honorius

1620 3016 1628 3025 ‘
1650 3008 1810 3061 tertio
1833 3003 2003 3057 aetatis
2027 3019 2161 3055 anno
2188 3003 2378 3055 Consul
2402 2999 2581 3051 factus
2620 3003 2717 3049 est.

1715 3089 1808 3134 155
1843 3082 2011 3131 Posito
2037 3082 2168 3129 modo
2198 3076 2408 3140 nomine]
2460 3075 2718 3126 Poetice:

1648 3175 1765 3211 nam
1785 3159 2027 3209 lustricus
2048 3156 2160 3205 dies
2177 3154 2463 3219 puellarum
2482 3157 2723 3214 octavus,

1645 3250 1925 3302 puerorum
1979 3249 2140 3283 nonus
2185 3237 2335 3281 erat:
2392 3235 2613 3294 tumque
2658 3227 2720 3276 iis

1646 3313 1857 3362 nomina
1877 3309 2296 3373 imponebantur.
2351 3306 2536 3367 Signas
2542 3304 2724 3369 fastos,

1645 3388 1977 3438 denomines:
2029 3386 2225 3434 dictum
2262 3382 2401 3432 enim
2456 3388 2562 3442 est,
2614 3379 2721 3429 Ho-

1644 3466 1777 3514 norio
1798 3469 1846 3514 et
1863 3463 2045 3512 Evodio
2070 3460 2373 3511 Consulibus:
2422 3459 2606 3523 sicque
2630 3472 2720 3507 an-

1645 3554 1738 3588 nus
1762 3554 1853 3588 seu
1879 3536 2004 3587 fasti
2041 3535 2449 3599 designabantur
2486 3548 2587 3596 per
2609 3531 2720 3581 Ho-

1641 3617 1859 3665 norium.
1939 3614 2027 3663 Sic
2067 3619 2122 3661 et
2160 3610 2381 3660 Poetice
2416 3609 2720 3677 intelligen-

1643 3693 1739 3742 dus
1784 3706 1965 3741 versus
2010 3704 2229 3756 sequens
2282 3691 2601 3751 donaturque,
2638 3690 2719 3750 ξε.

1642 3771 1780 3820 Nam
1803 3769 2063 3819 Honorius
2086 3782 2188 3817 non
2216 3764 2494 3815 factus—est
2517 3764 2732 3814 ConsuL

1642 3861 1778 3896 anno
1820 3860 1924 3910 quo
1948 3852 2097 3894 natus
2119 3849 2218 3905 est,
2243 3841 2355 3903 sed,
2390 3846 2450 3890 ut
2470 3840 2721 3904 diximus,

1644 3924 1801 3974 tertio
1824 3925 1997 3974 aetatis
2020 3937 2171 3972 anno.
2455 3917 2459 3921 *

1709 4004 1805 4050 166
1837 3998 2082 4061 Donatur]
2139 3996 2349 4047 Nomini
2394 4002 2488 4046 tuo
2530 4007 2716 4046 conse-

1644 4084 1840 4143 cratur.
2317 4139 2320 4140 ⁷

1709 4158 1804 4204 167
1841 4153 2108 4217 Quirinali]
2175 4150 2377 4201 Trabea
2416 4164 2508 4199 seu
2563 4154 2718 4200 veste

1643 4231 1931 4296 Consulari,
1954 4232 2119 4299 qualis
2135 4230 2240 4283 fuit
2259 4227 2467 4285 Quirini
2486 4242 2587 4294 seu
2605 4228 2719 4290 ‚Ro-

1640 4308 1769 4360 muli
1790 4307 1967 4376 Regis.
