2925 4928
488 404 622 474 808

493 568 861 636 Confessus
892 569 1156 634 secreta
1184 568 1411 646 rubor,
1436 567 1811 651 nomenque
1840 570 2108 633 beatum
2151 573 2156 576 “

490 673 787 758 Injussae
819 673 1144 757 scripsere
1167 672 1443 737 manus!
1488 669 1535 736 J
1539 690 1646 734 am
1669 691 1951 736 munera
1978 676 2209 757 nuptae
2247 677 2248 680 ’

1156 447 1165 456 ·
1239 415 1355 468 012.
1387 409 1825 468 Chaunum
1872 415 1953 469 x·

2609 623 2699 735 lo.

486 776 867 864 Praeparat,
901 782 967 840 et
995 774 1346 859 pulchroS,
1376 773 1620 839 Mariae
1654 773 1776 839 sed
1808 776 1959 840 luce
1988 776 2306 855 minores,

488 879 696 964 Eligit
721 888 1026 960 ornatus3
1074 876 1394 963 quicquid
1423 877 1825 943 venerabilis
1856 879 2016 942 olim

436 1017 451 1021 -
485 984 707 1062 Livia,
741 984 1205 1067 Divor'umque
1230 1001 1438 1046 nurus
1470 1000 1734 1065 gessere
1763 983 2104 1064 superbae.

484 1086 774 1154 Incusat
801 1105 956 1171 spes
987 1105 1164 1169 aegra
1187 1101 1443 1164 moraS,'
1465 1084 1785 1168 longique
1808 1082 2128 1149 videntur'

481 1191 678 1258 Stare
710 1189 879 1268 dieS‚
910 1209 1301 1274 segnemque
1333 1193 1551 1255 rotam
1577 1207 1713 1252 non
1744 1188 2013 1252 flectere
2046 1186 2328 1252 Phoebe.

2606 1179 2696 1254 15

486 1294 725 1380 Scyria
752 1294 851 1360 sic
880 1283 1176 1359 tenerum
1198 1294 1390 1376 virgo
1414 1293 1804 1357 flammabat
1830 1289 2190 1370 Achillem,

483 1480 586 1536 ties
606 1496 771 1531 manus
803 1481 917 1545 ejus
950 1481 1078 1532 ultro
1104 1481 1418 1548 signaverunt
1439 1481 1574 1543 felix
1610 1494 1774 1538 nomen
1815 1478 2037 1527 Mariae!
2103 1479 2218 1527 Jam
2253 1477 2426 1541 deligit
2469 1478 2593 1528 dona
2611 1494 2701 1543 pro

482 1560 667 1611 speum,
698 1552 743 1596 el
780 1552 932 1596 vestes
963 1546 1244 1612 magnificas

481 1612 708 1674 scilicet,
738 1611 960 1676 quiequid
976 1611 1118 1661 Livia
1138 1614 1401 1661 veneranda
1424 1613 1546 1661 tulit

1245 1583 1260 1609 ‚
1290 1549 1372 1596 sed
1405 1546 1658 1606 inferiores
1698 1553 1870 1594 tamen
1891 1543 2244 1607 pulchritudine
2267 1544 2445 1592 Μανία
2457 1544 2701 1607 {deligit

1569 1613 1818 1677 quondam,
1850 1614 1898 1657 et
1922 1607 2167 1673 quicquid
2191 1623 2337 1657 num
2353 1609 2579 1671 gloriosae
2598 1609 2700 1660 De·

483 1691 619 1726 orum
636 1678 862 1726 tulerunt.
929 1676 1046 1740 Spes
1075 1676 1296 1727 Honorii
1326 1677 1541 1741 inquieta
1560 1679 1754 1726 damnat
1773 1688 1928 1723 moras
1942 1689 1963 1732 ,·
1992 1678 2041 1722 el
2080 1673 2182 1723 dies
2217 1674 2447 1735 longiores
2474 1674 2703 1723 videntur

483 1742 756 1806 consistere,
788 1748 837 1792 el
871 1743 1010 1793 Ima
1046 1741 1254 1792 videtur
1290 1757 1382 1791 non
1413 1744 1596 1791 volvere
1616 1756 1806 1790 currum
1827 1740 2045 1788 inertem.
2114 1739 2195 1787 Ita
2227 1737 2513 1788 Deidamia
2539 1741 2704 1802 puella

485 1807 647 1873 Scyri,
663 1809 837 1871 ignara
859 1808 1012 1857 adhuc
1030 1807 1145 1872 doli,
1175 1807 1498 1872 inflammabat
1515 1808 1752 1858 Achillem
1772 1806 2031 1867 juvencum
2064 1809 2110 1853 et
2132 1804 2396 1853 instruebat
2416 1818 2586 1853 manus
2606 1804 2704 1854 bel-

1413 1931 1770 1952 ONOOOOONOO

483 2025 583 2071 -ιθ
615 1991 764 2070 teate
784 2020 979 2071 Moret.
1001 2025 1212 2084 pr.-—10
1248 2019 1424 2069 Invisoe
1445 2018 1675 2068 Florent.
1701 1981 1906 2068 ‘Mol-et.
1934 2031 2048 2067 see·
2072 1981 2196 2067 Var.
2233 2017 2338 2067 LL.
2361 2015 2444 2066 ed.
2468 2014 2700 2067 Anu.—

483 2089 545 2134 11
577 2087 772 2149 populos
790 2087 873 2135 vel

891 2086 1111 2148 pulchros
1129 2085 1251 2137 Juu.
1274 2099 1354 2148 pr.
1374 2084 1544 2146 dignos
1565 2083 1743 2132 Maria·
1778 2084 1899 2131 Pat.
1923 2083 2102 2131 Μανία
2136 2083 2352 2147 pulchros
2387 2084 2469 2131 sed
2502 2084 2706 2133 Mon-et.-

482 2162 585 2199 see·
616 2148 700 2199 sub
723 2152 823 2199 luce
844 2151 1024 2199 velseu
1043 2150 1143 2199 lnce
1157 2150 1280 2199 Vat.
1299 2164 1378 2214 pr.
1412 2149 1528 2208 jure
1570 2161 1667 2212 pro
1712 2150 1812 2197 luce
1851 2148 1974 2199 Jun.
2008 2162 2040 2196 a
2072 2163 2140 2196 m.
2164 2151 2373 2210 pia—14
2407 2162 2512 2211 spes
2556 2149 2701 2210 longa

483 2214 629 2265 Med.
653 2218 904 2264 terh-15
939 2229 1120 2264 moram
1139 2215 1222 2264 vel
1244 2219 1399 2263 rotam
1419 2215 1542 2262 Vat.
1576 2228 1657 2277 pr.
1678 2218 1833 2261 rotam
1852 2213 1935 2260 vel
1979 2227 2168 2261 currum
2191 2212 2342 2262 Rott.
2362 2213 2568 2278 flectere
2608 2215 2704 2263 tri·

482 2279 630 2342 ginta
645 2278 756 2329 fere
781 2278 947 2328 Codd.
981 2279 1108 2329 Exc.
1132 2280 1351 2329 Gevart.
1376 2284 1432 2327 et
1458 2278 1674 2326 Lucens.
1699 2292 1803 2326 see.
1828 2277 2012 2327 Sched.
2039 2277 2178 2327 Gnd.
2200 2277 2325 2327 Var.
2351 2280 2454 2327 LL.
2477 2292 2508 2327 e
2534 2293 2699 2342 marg.

484 2345 659 2394 Parm.
682 2350 738 2392 et
755 2343 837 2392 cd.
861 2343 1021 2393 Antv.
1044 2344 1170 2394 item
1208 2342 1329 2393 And.
1369 2343 1620 2392 Heinsius
1645 2343 1959 2404 ascripserat
1981 2343 2150 2391 locum
2176 2342 2332 2392 Ovid.
2352 2343 2463 2393 Lib.
2481 2356 2539 2393 x.
2561 2345 2700 2395 Met.

483 2424 560 2459 vs.
586 2413 667 2459 11.
698 2411 715 2437 ‘
740 2409 988 2459 Flexerat
1004 2409 1214 2474 obliquo
1237 2410 1525 2473 plaustrum
1551 2415 1756 2456 temone
1779 2406 2008 2457 Bootes.'
2030 2408 2137 2468 ‚iam
2154 2409 2335 2457 volt-ere
2357 2408 2475 2458 Pat.
2500 2422 2588 2457 nee
2605 2410 2703 2457 vol·

482 2490 593 2525 vere
610 2475 805 2525 ¹fluum.
837 2477 1020 2524 volvere
1041 2489 1246 2540 quoque
1285 2474 1445 2524 habet
1479 2473 1559 2523 ed.
1604 2474 1778 2523 Parm.
1798 2481 1870 2522 .et
1906 2474 2076 2523 Vicet.
2109 2475 2290 2523 volvere
2323 2479 2474 2522 rotam
2512 2474 2698 2524 Silium

481 2540 598 2591 Lib.
646 2554 719 2590 vt.
759 2547 816 2590 et
859 2541 982 2590 alios

484 2604 655 2655 Phoeln·
676 2605 798 2656 Vat.
822 2606 986 2672 quint.

1063 2555 1233 2603 noque
1264 2539 1456 2589 dixisse
1490 2545 1766 2588 notaverat
1809 2538 1991 2587 Heius.
2034 2538 2210 2587 Phoebe
2248 2540 2377 2588 Exc.
2420 2540 2543 2588 Pat.
2592 2555 2699 2590 rec.

1067 2606 1226 2655 hoebus
1247 2606 1331 2655 vel
1350 2604 1524 2654 Phoebe
1543 2605 1663 2654 Vat.
1684 2610 1802 2654 tert.
1821 2604 2081 2668 Reg.—-16
2098 2605 2374 2668 flammavit
2399 2604 2513 2654 Pal.
2540 2605 2690 2656 Med.

1486 2750 1700 2807 NOTAE

548 2869 581 2913 0
630 2863 817 2929 Rubor]
883 2865 1062 2917 Rubor
1114 2866 1314 2917 subitus
1355 2865 1546 2917 frontis

481 2939 621 2988 iuter
656 2941 846 2990 amoris
870 2941 1063 2992 indicia
1078 2943 1371 3006 reponitur.
1421 2942 1546 2991 Ovi-

483 3015 625 3065 dius:
642 3014 658 3043 ‘
679 3014 747 3066 Et
768 3016 927 3066 rubor
948 3018 998 3066 in
1014 3018 1157 3066 vultu
1174 3019 1393 3083 pignora
1406 3032 1546 3067 men-

484 3093 552 3141 tis
576 3091 769 3143 habet!

548 3172 612 3219 10
644 3166 864 3233 Ιηὶιωσω]
911 3168 1099 3221 Manus
1121 3172 1438 3235 scripserunt
1460 3187 1546 3222 no·

480 3258 599 3297 men
619 3244 829 3296 beatum
861 3246 1067 3310 Maria,
1102 3248 1190 3298 sed
1215 3250 1420 3313 spbnte,
1453 3248 1545 3297 sed

478 3321 709 3385 injussae,
724 3322 867 3388 quasi
884 3337 992 3373 non
1016 3323 1130 3388 ipse
1147 3323 1409 3375 Honorius
1430 3340 1546 3374 sen-

479 3397 624 3449 tiret.
656 3456 661 3460 .
703 3399 769 3450 Id
815 3398 951 3465 quod
994 3401 1189 3452 accidit
1233 3402 1545 3468 amantibus,

477 3487 672 3540 suaque
696 3482 885 3526 natura
905 3477 1223 3541 cogitatione
1261 3479 1435 3544 aliqua
1457 3479 1545 3528 de-

478 3550 620 3616 fixis,
641 3552 732 3618 qui
767 3553 927 3603 etiam
971 3561 1189 3620 canunt,
1222 3570 1320 3605 nec
1358 3569 1546 3606 canere

481 3639 538 3677 se
560 3629 807 3680 sentiunt.

546 3708 606 3753 11
664 3703 812 3769 Luce]
859 3705 1273 3760 Pulchritudine
1315 3709 1543 3759 micante

480 3779 615 3830 lucis
635 3781 814 3832 instar.

546 3861 610 3907 12
652 3858 947 3908 Venerabilis
963 3859 1129 3924 Livia]
1177 3859 1403 3924 Augusti
1423 3877 1543 3912 con·

473 3933 593 3999 ξπ,
617 3948 731 3998 quae
754 3934 894 3983 inter
916 3936 1062 3985 Deos
1088 3937 1253 3987 relata
1276 3946 1373 4003 est,
1402 3938 1544 3988 ideo-

482 4023 585 4076 que
606 4008 943 4059 veneratione
967 4011 1138 4075 digna.

548 4089 610 4136 13
631 4086 798 4135 Nurus
814 4087 1024 4149 gessere]
1043 4085 1288 4138 Adulatio
1302 4088 1544 4154 Ροὲῐίω,

480 4162 629 4228 quasi
652 4163 765 4212 haec
789 4172 1091 4214 ornamenta
1121 4165 1243 4228 jure
1266 4166 1544 4217 haeredita·

481 4240 550 4290 tis
572 4239 638 4289 ad
664 4239 953 4291 Honorium
977 4243 1236 4293 venirent.

547 4322 609 4369 14
643 4318 763 4384 Spes
782 4319 936 4383 oegra]
990 4322 1113 4373 Non
1153 4321 1291 4387 quod
1331 4337 1451 4388 spes
1475 4322 1544 4372 sit

1628 2881 1785 2931 aegra,
1823 2866 1914 2915 sed
1953 2865 2088 2930 quod
2129 2864 2268 2915 curis
2291 2863 2555 2915 continuis
2577 2866 2697 2915 red·

1629 2943 1721 2992 dat
1766 2943 2022 2993 solicitum
2070 2948 2124 2991 et
2170 2957 2367 3006 aegrum
2412 2951 2697 2991 amantem.

1627 3019 1905 3081 Virgilius:
1959 3019 1974 3046 ‘
2012 3017 2218 3082 AEgn'atn
2264 3032 2398 3067 vana
2437 3032 2531 3081 spe
2573 3019 2699 3068 lusit

1628 3092 1926 3144 amantem?

1690 3169 1879 3233 Morus]
1932 3169 2241 3221 Sallustius:
2277 3168 2501 3220 ‘Animo
2551 3170 2699 3236 cupi·

1627 3247 1736 3296 enti
1759 3248 1885 3296 nihil
1909 3247 2036 3296 satis
2056 3246 2365 3296 festinatur!
2693 3274 2698 3289 ι

1692 3327 1753 3372 15
1805 3322 1973 3386 Stare]
2043 3323 2173 3373 Dies
2215 3335 2316 3371 non
2358 3320 2544 3385 fluere,
2601 3323 2696 3375 sed

1626 3405 1768 3449 stare
1827 3400 2107 3462 videntur3
2175 3399 2304 3449 adeo
2347 3399 2488 3464 longi
2532 3415 2696 3466 appa·

1625 3484 1759 3529 rent.
2697 3516 2704 3521 -

1692 3559 1755 3605 16
1787 3554 1981 3621 Scyria]
2014 3553 2172 3619 Apud
2193 3555 2543 3620 Lycomedem
2568 3557 2698 3622 Scy-

1626 3629 1860 3694 riAEgaei
1884 3633 2041 3682 maris
2065 3631 2248 3680 insulae
2290 3647 2463 3696 regem
2507 3630 2695 3683 Achil-

1625 3708 1701 3756 les
1720 3724 1749 3757 a
1764 3715 1929 3758 matre
1950 3708 2169 3758 Thetide
2193 3708 2384 3758 bellum
2401 3709 2694 3774 Trojanum

1623 3783 1729 3834 filio
1752 3783 2013 3836 funestum
2038 3785 2275 3848 timente,
2307 3787 2485 3837 habitu
2509 3789 2694 3838 mulie·

1625 3861 1706 3911 bri
1745 3863 2034 3913 occultatus
2073 3861 2256 3912 fuerat.
2323 3864 2453 3912 Tum
2495 3865 2695 3916 Deida-

1625 3940 1728 3990 mia
1750 3940 1909 4003 Regis
1932 3938 2058 4002 filia,
2092 3940 2158 3989 ab
2186 3939 2393 3990 Achille
2428 3956 2694 4006 compres-

1626 4030 1685 4066 sa
1712 4017 1921 4081 peperit
1960 4018 2239 4084 Pyrrhum,
2281 4019 2695 4084 Neoptolemum

1625 4093 1841 4145 dictum.
1917 4145 1926 4150 ,
2354 4125 2362 4132 ·

1690 4172 2012 4238 flammabat]
2044 4172 2237 4228 Amore
2261 4175 2599 4231 vehementer
2612 4174 2691 4224 iu-

1622 4247 1944 4301 ssammabat.
2703 4246 2704 4249 '
