2925 4928
459 366 590 433 420
1143 383 1259 432 οι..
1306 384 1738 437 cLAUmAm
1787 388 1983 438 xvn.
2010 417 2021 430 f

467 535 792 619 Princeps
820 555 956 600 non
984 534 1226 619 aquilis
1254 540 1497 601 terram
1525 554 1928 621 cognoscere
1957 544 2190 604 curat:

550 642 805 708 Cel-tius
833 642 905 706 in
932 641 1124 706 nobis
1151 642 1441 705 aestimat
1469 643 1838 724 imperium.

461 745 620 812 Hoc
650 766 778 828 ego
807 743 1096 810 concilio
1128 743 1485 808 collectum
1511 746 1755 810 metior
1785 747 2014 810 orbem
2041 766 2058 809 ε

547 848 708 914 Hoc
738 849 935 913 video
966 855 1174 927 coetu,
1203 847 1530 931 quicquid
1558 850 1800 934 ubique
1828 852 2060 915 micat.
2575 848 2664 913 20

456 1032 633 1095 recepit
658 1031 807 1081 simul
830 1031 990 1081 ambas
1010 1035 1233 1082 volucres.
1300 1032 1566 1095 Imperator
1594 1048 1687 1081 mm
1709 1033 1890 1083 laborat
1928 1048 2111 1084 ιιοεσενε
2138 1033 2310 1083 Orbem
2344 1048 2444 1098 ope
2481 1034 2666 1097 aquila-

457 1112 563 1146 rum
577 1114 594 1146 .’
615 1097 764 1146 noscit
783 1097 1033 1162 imperium
1054 1099 1225 1146 certius
1259 1112 1345 1161 per
1363 1113 1462 1148 nos.
1529 1098 1638 1160 Ego
1657 1098 1828 1163 definio
1865 1099 1916 1147 in
1951 1100 2036 1148 hoc
2068 1104 2292 1150 conventu
2311 1101 2536 1149 mundum
2557 1114 2667 1148 con-

454 1167 710 1225 negatum
722 1180 740 1214 .-
762 1163 936 1227 aepicio
957 1164 1174 1227 quicquid
1192 1164 1402 1227 splendet
1423 1162 1594 1226 ubique
1615 1168 1851 1214 terrarum
1872 1164 1924 1213 in
1941 1165 2026 1215 Ιιοο
2046 1179 2270 1215 comam.

1380 1308 1644 1329 ”NOO‘OO
1648 1307 1738 1329 Ol&

459 1415 520 1460 1⁷
555 1411 777 1460 mundum
798 1411 922 1460 Put.
955 1414 1111 1459 terras
1127 1411 1323 1459 Moret.
1349 1425 1429 1474 pr.
1447 1412 1577 1461 Exc.
1603 1413 1820 1462 Lucens.
1838 1416 2072 1462 sec.—18
2104 1410 2232 1461 vobis
2245 1412 2363 1461 Vat.
2386 1425 2466 1474 pr.
2485 1425 2557 1461 m.
2579 1424 2665 1475 ρι’.

454 1477 591 1525 Exc.
613 1476 832 1524 Lucens.
858 1480 1096 1525 sem—19
1128 1477 1317 1524 concilio
1341 1476 1506 1528 Oisel.
1570 1478 1762 1526 consilio
1786 1477 1932 1527 Leid.
1956 1492 2061 1527 sec.
2086 1492 2201 1526 cum
2226 1476 2501 1526 duodecim
2527 1475 2668 1527 aliia.=

454 1555 629 1590 annum
655 1540 800 1589 Med.
827 1547 1003 1590 tert.—
1016 1545 1079 1589 20
1116 1543 1185 1589 Et
1206 1544 1339 1590 video
1359 1542 1484 1593 Jun.
1508 1555 1588 1605 pr.
1650 1548 1808 1591 certus
1839 1557 1931 1606 pro
1963 1548 2084 1592 coeta
2105 1541 2248 1591 Med.
2271 1547 2442 1605 quart.
2508 1546 2670 1589 tecum

453 1621 551 1670 pro
575 1611 696 1654 coetu
713 1607 843 1654 VVar.
863 1605 968 1655 LL.
985 1605 1069 1655 ed.
1084 1605 1247 1656 Antv.
1266 1622 1334 1656 m.
1360 1621 1441 1670 pr.
1476 1612 1598 1655 coetu
1614 1609 1696 1658 vei
1718 1614 1884 1657 coetum
1904 1609 2034 1672 Reg.
2066 1608 2121 1655 in
2139 1606 2249 1656 orbe
2272 1612 2495 1672 quatuor
2511 1607 2669 1655 Vatt.

456 1671 574 1722 Pal.
601 1672 750 1721 Farn.
775 1672 909 1733 Reg.
933 1671 1037 1720 duo
1059 1671 1205 1720 Med.
1232 1672 1451 1721 totidem
1478 1672 1662 1723 Petav.
1688 1674 1804 1722 Pat.
1831 1673 2001 1722 Oxou.
2019 1687 2099 1735 pr.
2118 1671 2296 1721 Ambr.
2320 1678 2442 1721 tert.
2489 1670 2573 1719 ubi
2607 1685 2669 1719 ue

454 1737 538 1785 vel
560 1736 614 1785 in
634 1736 744 1785 orbe
772 1737 890 1785 Vat.
917 1751 996 1799 pr.
1058 1742 1182 1786 meat
1199 1737 1315 1787 Pal.
1338 1739 1486 1787 Rott.
1551 1738 1697 1788 micat
1718 1740 1800 1788 vei
1824 1743 1980 1788 manet
2004 1737 2176 1788 Oxou.
2197 1751 2301 1789 sec.
2360 1736 2413 1785 in
2434 1736 2547 1786 orbe
2631 1735 2643 1745 '

453 1802 538 1850 vel
556 1801 721 1865 ubique
742 1802 886 1851 micat
910 1803 1034 1854 Put.

1446 1918 1667 1970 NOTAE

518 2041 581 2085 18
625 2037 685 2085 In
718 2034 851 2084 nobis
879 2034 1109 2098 restituat]
1172 2035 1309 2085 Satis
1346 2035 1514 2087 noscit
1595 2036 1929 2087 Claudianus·

450 2113 733 2177 Imperium
770 2126 865 2176 per
898 2126 1028 2172 nos3
1068 2112 1192 2161 satis
1220 2111 1425 2176 judicat
1445 2128 1513 2162 ex
1661 2118 1724 2162 19
1758 2112 1964 2177 Melior]
1998 2111 2238 2177 Reputo,
2271 2125 2338 2160 ex
2374 2116 2522 2161 tanto
2545 2109 2669 2160 tali-

448 2196 626 2239 nostro
649 2203 915 2251 consessu,
952 2194 1198 2253 quantum
1237 2189 1305 2237 sit
1341 2189 1513 2253 Impe-
1594 2205 1696 2255 que
1716 2192 2022 2241 Senatorum
2046 2197 2204 2253 coetu,
2219 2196 2439 2254 quantus
2462 2189 2533 2239 sit
2556 2188 2666 2238 Or-

453 2267 603 2316 rium.
657 2264 884 2315 lumbis.
916 2265 931 2292 ‘
953 2266 1019 2313 Se
1045 2280 1245 2330 quoque
1268 2266 1514 2329 principi·
1593 2266 1701 2315 bis:
1741 2261 1917 2330 cogito
1949 2265 2034 2315 hic
2068 2279 2180 2314 esse
2216 2264 2465 2330 quicquid
2487 2272 2571 2314 est
2608 2264 2673 2312 iu¹

450 2343 546 2393 bus
570 2345 881 2408 permixtum
915 2342 1144 2407 agnovit’
1177 2342 1512 2394 Senator-ibus
1594 2344 1740 2395 Orbe
1760 2343 2110 2408 praestantius.

1418 2859 1687 2943 XVII.

447 3132 452 3135 ,
537 3051 716 3141 CL·
759 3032 1358 3127 CLAUDIAM
1402 3050 1558 3126 DE
1598 3050 1912 3126 coNs.
1959 3050 2118 3126 FL.
2159 3049 2548 3126 MALLH
2651 3063 2658 3069 ·

445 3196 448 3197 *
752 3199 1492 3277 THEODORIV.
1537 3197 1638 3273 c·
1684 3197 2336 3274 PANEGYRIS.

1238 3433 1862 3486 ARGUMENTUM.

515 3587 779 3638 Honora-:s
805 3585 1036 3636 ambiunt
1058 3586 1305 3636 virtutem
1330 3586 1380 3634 in
1402 3566 1690 3650 Theodoro,
1724 3587 1811 3650 qui
1846 3585 1900 3634 in
1940 3582 2287 3634 adolescentia
2319 3580 2528 3645 sapiens
2554 3582 2664 3632 fuit

449 3677 505 3716 et
527 3671 801 3735 eloquens:
854 3668 989 3717 rexit
1014 3667 1228 3733 Libyam
1251 3673 1305 3715 et
1328 3667 1663 3717 Macedones.
1733 3667 1872 3716 Hinc
1903 3665 2071 3716 factus
2097 3666 2338 3716 Quaestor
2360 3664 2500 3712 rexit
2521 3663 2663 3714 Pro-

448 3748 640 3799 vincias
678 3748 1009 3811 Occidentis,
1051 3756 1235 3813 postea
1273 3749 1527 3798 incumbit
1563 3749 1762 3812 studiis,
1799 3748 2003 3798 excutit
2026 3747 2193 3795 varios
2218 3744 2564 3808 Philosophus
2588 3745 2662 3796 de

447 3830 692 3894 Physica,
716 3831 921 3893 Moraii,
943 3830 1337 3881 Mathematica.
1404 3831 1504 3880 His
1542 3847 1657 3880 eum
1693 3838 1964 3880 vacantem
2005 3829 2115 3878 adit
2153 3826 2389 3887 Justitia,
2409 3820 2663 3875 hortatur

450 3911 657 3977 Curiam
680 3918 939 3974 repetere,
976 3911 1150 3961 vivere
1185 3927 1302 3962 cum
1341 3911 1620 3962 Stilichone
1661 3913 1911 3962 virtutum
1948 3910 2167 3960 fautore.
2235 3909 2524 3957 Cunctatur
2547 3899 2662 3972 ille,

447 3990 607 4041 vitam
632 3994 877 4040 rusticam
902 4002 1156 4056 causatus,
1190 3994 1277 4042 sed
1317 4001 1491 4044 tamen
1529 3994 1737 4044 obedit:
1788 3994 1850 4043 fit
1873 3995 2066 4042 Rector
2092 3991 2282 4050 Itaiiae,
2304 3990 2503 4053 Libyae,
2524 3988 2661 4057 lily-

446 4073 558 4134 riae,
580 4073 847 4137 Sardiniae,
866 4089 1069 4138 semper
1092 4083 1350 4137 constans,
1361 4077 1551 4140 justuS,
1575 4077 1926 4140 incorruptus,
1943 4075 2260 4135 moderatae,
2281 4072 2372 4121 irae
2398 4072 2661 4135 inimicae,

451 4169 711 4219 nunquam
746 4157 1029 4219 superbus;
1080 4159 1315 4207 omnibus
1350 4159 1681 4208 admirandus
1720 4159 1785 4208 ob
1832 4158 2146 4222 probitatem
2181 4163 2237 4205 et
2280 4153 2657 4220 eloquentiam.

449 4236 540 4289 Fit
558 4236 744 4286 Consul
767 4237 831 4286 ab
850 4237 1085 4288 Honorio
1104 4240 1525 4290 unis-virtutibus
1547 4239 1775 4289 favente.
1842 4240 2074 4287 Laetatur
2097 4236 2342 4295 Helicon,
2365 4241 2420 4284 et
2443 4234 2659 4299 potissi-2·

448 4330 587 4366 mum
608 4317 822 4382 Urania,
856 4333 971 4384 quae
995 4319 1232 4372 bortatur
1256 4321 1435 4371 Musas
1474 4320 1540 4370 ad
1575 4319 1856 4386 gaudiaaet
1888 4319 2039 4371 ludos
2068 4319 2349 4385 Equorum,
2380 4317 2654 4383 Pugilum,
