2925 4928
758 438 838 488 m
891 439 957 487 1.·
989 435 1199 487 cons,
1244 433 1569 487 srrmcn.
1620 438 1764 488 Lm.
1812 437 1863 486 1.
2243 418 2256 432 ’
2309 406 2446 486 808

254 586 401 652 Non
430 584 526 648 sic
555 582 899 648 intremuit
929 581 1197 661 Simois»,
1229 577 1380 647 cum
1408 583 1754 648 montibus
1785 582 1929 648 Idae

252 689 450 771 Nigra
480 686 817 750 coloratus
845 684 1248 768 produceret
1276 684 1538 766 agmina
1568 682 1884 749 Memnon
1909 704 1927 766 ;
2307 682 2440 748 265

252 790 404 855 Non
430 786 728 871 GangeS,
762 807 916 851 cum
946 787 1082 850 tela
1107 785 1345 869 procul
1371 786 1795 851 vibrantibus
1824 786 2016 851 Indis

250 891 557 956 Immanis
586 890 870 954 medium
901 894 1192 954 vectaret
1219 888 1451 953 bellua
1483 888 1751 955 Porum.

249 995 460 1060 Porus
489 991 898 1070 Alexandro,
939 991 1254 1055 Memnon
1283 995 1649 1075 prostratus
1677 989 1965 1073 Achilli.;

251 1097 440 1163 Gildo
465 1116 702 1181 nempe
729 1096 875 1161 tibi.
966 1094 1114 1160 Nec
1144 1095 1358 1159 solum
1385 1095 1679 1160 fervidus
1708 1093 2053 1172 Austrum,
2361 1135 2366 1136 ff

249 1199 372 1264 Sed
401 1204 622 1283 partes
649 1200 856 1264 etiam
886 1198 1163 1263 Mavors
1194 1199 1492 1281 agitabat
1520 1198 1725 1275 anS‚
2311 1195 2442 1261 270

250 1302 572 1382 Quamvis
601 1303 1018 1386 obstreperet
1044 1301 1286 1385 pietas.
1377 1300 1515 1363 His
1547 1301 1660 1365 ille
1689 1297 1996 1382 regendae

246 1405 688 1471 Transtulerat
713 1425 958 1470 nomen
989 1405 1251 1489 Libyae,
1283 1404 1650 1487 scelerique
1680 1403 1957 1486 profano

248 1508 481 1573 Fallax
508 1509 871 1590 legitimam
900 1508 1080 1589 regni
1111 1505 1560 1590 praetenderat
1587 1507 1913 1571 umbram.

247 1610 562 1694 Surgebat
587 1612 776 1676 varia
804 1611 1132 1693 geminum
1159 1608 1508 1673 formidine
1539 1608 1788 1673 bellum
1810 1630 1827 1688 3

1194 1765 1227 1794 0

247 1810 519 1872 viperarum.
586 1808 764 1858 Simois
791 1825 884 1858 non
919 1809 992 1858 ita
1027 1809 1207 1871 timuit,
1228 1825 1332 1859 cum
1353 1810 1493 1871 niger
1515 1810 1741 1858 Memnon
1757 1815 2044 1873 promoveret
2064 1813 2275 1858 catervas
2283 1808 2450 1869 fuscas

247 1873 296 1921 in
319 1879 492 1923 montes
514 1873 633 1924 Idae.
702 1874 814 1923 Noa
846 1874 1039 1937 Ganges
1060 1875 1134 1924 sic
1159 1875 1348 1935 timuit,
1364 1891 1469 1924 eum
1487 1875 1638 1923 bestia
1653 1880 1926 1938 portentosa
1946 1875 2266 1937 Elephantus
2282 1879 2462 1937 porta³¹

244 1943 313 1987 ret
348 1939 536 1988 Porum
572 1939 627 1987 in
647 1941 797 1988 medio
819 1940 1038 1998 aliorum,
1078 1940 1211 1988 Indis
1242 1939 1566 2003 torquentibus
1580 1939 1903 2001 lougejaeula.
1970 1941 2123 1989 Porus
2139 1941 2348 1988 devictus
2366 1927 2463 1989 εέῗ

246 2003 307 2052 ab
322 2004 614 2067 Alexandro,
636 2004 861 2053 Memnon
881 2004 945 2053 ab
967 2003 1171 2066 Achille,
1198 2005 1345 2055 Gildo
1366 2006 1592 2053 nimirum
1613 1999 1654 2052 a‘
1664 2011 1728 2054 te.
1765 2006 1931 2068 Neque
1949 2019 2071 2054 vero
2093 2005 2262 2055 beleum
2278 2006 2449 2053 ardens

243 2067 487 2127 infestabat
530 2071 677 2118 solam
700 2076 900 2131 partem
938 2071 1267 2129 meridianam,
1306 2072 1388 2120 sed
1421 2070 1671 2132 imperium
1694 2086 1867 2133 qaoque
1895 2070 2131 2131 Orientis,
2164 2069 2277 2118 licet
2291 2069 2453 2132 pietas

243 2135 524 2184 reclamaret.
592 2135 685 2182 Ille
719 2134 878 2183 Gildo
917 2134 1183 2184 tradiderat
1219 2135 1294 2184 his
1335 2136 1572 2199 partibus
1605 2133 1820 2184 Arcadii
1851 2150 2017 2185 nomen
2049 2135 2216 2210 Libye
2247 2134 2453 2183 admitti·-
2489 2149 2493 2153 *

243 2201 459 2263 stranda»,
502 2203 552 2248 et
594 2198 800 2265 perfidus
825 2199 1095 2264 prebuerat
1125 2200 1318 2249 crimini
1358 2201 1505 2265 impio
1536 2199 1735 2265 speciem
1759 2201 1946 2262 justam
1982 2201 2195 2265 Imperii.
2263 2200 2451 2249 Beuum

1171 2325 1429 2344 OO‘O‘N‘O
1436 2325 1522 2344 m

247 2411 308 2460 de
331 2427 468 2462 more
488 2412 715 2463 habilem
738 2413 1076 2479 suspenderat
1100 2410 1479 2463 areum.'-264
1513 2413 1794 2462 contremuit
1822 2414 1944 2461 Vnt.
1984 2417 2247 2462 sem-265
2278 2412 2451 2476 perdu-

244 2485 363 2528 ceret
383 2480 571 2530 Petav.
597 2488 716 2530 tert.
762 2481 970 2529 Memnon
1015 2487 1119 2528 tres
1160 2481 1473 2527 vate—266
1506 2482 1643 2528 undis
1666 2480 1782 2528 Pal.
1809 2480 2002 2527 Moret.
2025 2492 2131 2527 sec.
2186 2478 2297 2527 inde
2316 2477 2450 2526 Tho-

246 2543 491 2596 las—267
528 2546 728 2594 Medum
768 2546 893 2593 Vat.
936 2552 1058 2594 tert.
1083 2560 1150 2593 m.
1174 2556 1277 2593 sec.
1306 2542 1445 2592 Med.
1473 2550 1594 2592 tert.
1620 2543 1739 2592 Put.
1765 2544 1885 2592 Pat.
1904 2544 2026 2595 Jun.
2048 2558 2124 2607 pr.
2143 2541 2321 2592 Ambr.
2340 2538 2449 2591 sec‘.

218 2628 221 2629 ⁷
246 2608 436 2658 Medum
459 2611 546 2660 vel
569 2611 773 2659 medium
798 2610 925 2672 Reg.
961 2610 1061 2658 duo
1106 2610 1277 2659 Oxon.
1331 2612 1538 2656 vastaret
1563 2609 1687 2658 LoV.
1743 2607 1891 2656 bellua
1915 2608 2037 2656 Var.
2059 2609 2162 2657 LL.
2184 2608 2267 2656 ed.
2285 2605 2451 2656 Antv.

247 2688 355 2721 cum
400 2676 572 2738 glossa
614 2676 647 2726 i.
688 2691 726 2724 e.
771 2675 1164 2723 Camenam-268
1198 2673 1352 2721 Porus
1397 2673 1673 2721 Alexandro
1710 2678 1993 2734 prostratus,
2027 2673 2250 2721 Memnon
2272 2670 2453 2721 Achiui

248 2738 434 2789 Moret.
482 2755 595 2789 sec.
643 2741 855 2789 Memnon
897 2740 1019 2788 Vat.
1061 2753 1137 2801 pr.
1182 2743 1237 2786 et
1282 2742 1403 2786 tert.
1471 2742 1739 2800 prostratas
1787 2739 2010 2787 Memnon
2060 2736 2451 2800 quatuordecim

244 2804 437 2867 scripti,
470 2807 604 2854 Exc.
647 2806 798 2865 Laeti,
835 2803 918 2853 ed.
962 2804 1138 2852 Parm.
1186 2810 1242 2852 et
1277 2803 1614 2851 vicet—269
1643 2802 1781 2850 solvit
1802 2803 2023 2863 fervidas
2059 2803 2192 2865 Reg.
2244 2801 2455 2867 perfidus

246 2867 421 2920 Heins.
446 2871 612 2919 malit.
677 2872 858 2918 Auster
894 2868 1082 2918 Petav.
1140 2871 1412 2916 sem—270
1469 2868 1667 2916 Deerat
1708 2868 1791 2916 hic
1843 2881 2021 2916 versus
2063 2868 2256 2916 Moret.
2305 2872 2455 2931 pr.-'

245 2936 333 2982 271
372 2938 631 2996 regendum
665 2936 794 2983 Exc.
831 2932 1045 2984 Gevart.
1098 2934 1322 2993 regandoe
1372 2932 1752 2981 stolam—272
1789 2933 2111 2981 Transtuleret
2145 2931 2288 2981 Med.
2328 2936 2453 2982 tert·-

246 2997 404 3062 Libya.»
426 3016 592 3050 nomen
629 3000 773 3049 Med.
817 3005 986 3063 quart.
1043 2998 1209 3062 Libya.»
1227 3002 1391 3061 partes
1411 2997 1533 3047 Vat.
1556 3001 1827 3046 sem—273
1861 2997 2124 3059 legitimam
2141 2997 2261 3047 Vat.
2289 2996 2455 3046 Liviu-

245 3063 442 3124 legitimi
465 3065 591 3114 Ald.
611 3064 735 3114 Var.
757 3065 858 3114 LL.
882 3080 909 3113 e
929 3078 1086 3127 marg.
1110 3063 1286 3112 Parm.
1333 3064 1641 3125 portenderat
1663 3063 1779 3112 Vat.
1804 3076 1906 3112 sec.
1956 3064 2263 3125 protenderat
2287 3061 2454 3112 Oisel.

167 3131 173 3138 '
238 3127 471 3191 =Floreat.
505 3129 654 3178 Med.
699 3144 803 3178 see.
839 3129 1029 3179 Petav.
1071 3135 1194 3178 tert.
1230 3128 1428 3176 Bonon.
1462 3128 1670 3177 Thalos.
1703 3129 1897 3178 Moret.
1929 3137 1985 3176 et
2009 3127 2182 3177 Oxou.
2222 3142 2326 3176 sec.
2351 3127 2454 3177 inc.

246 3192 422 3244 Heius.
445 3197 577 3244 Var.
603 3196 706 3244 LL.
744 3208 773 3243 e
813 3209 976 3257 marg.
1001 3193 1178 3243 Parm.
1230 3194 1550 3255 praetenderat
1572 3194 1690 3242 Vat.
1712 3199 1834 3242 tert.
1861 3193 1974 3241 Pal.
1999 3193 2151 3241 Fam.
2177 3193 2280 3241 duo
2305 3190 2452 3241 Med.

240 3257 365 3308 Put.
383 3261 512 3321 Reg.
532 3261 654 3309 Par.
708 3261 1024 3322 proetenderat
1051 3260 1129 3308 vel
1148 3260 1450 3321 protenderat
1471 3257 1675 3306 Tholas.
1694 3274 1760 3305 m.
1785 3272 1890 3310 sec.
1915 3257 2015 3305 duo
2040 3255 2222 3306 Ambr.
2278 3258 2455 3309 undam

248 3321 548 3375 Pria—274
600 3324 840 3387 geminum
871 3340 994 3373 cana
1032 3324 1158 3374 Jun.
1193 3338 1270 3386 pr.
1341 3321 1476 3371 varia
1510 3322 1755 3384 geminum
1790 3323 1909 3371 Vat.
1951 3336 2054 3372 sec.
2091 3321 2238 3371 Rott.
2283 3320 2454 3370 Oisel.

1236 3460 1446 3511 NOTAE

305 3583 400 3628 264
436 3578 637 3641 Simois]
674 3577 874 3627 Nobilis
898 3576 1067 3641 Trojae
1103 3573 1306 3638 fluvius,
1389 3574 1532 3624 dium
1554 3579 1609 3622 et
1633 3572 1938 3624 Honorium.

248 3655 328 3703 vix
354 3656 511 3704 hodie
532 3655 694 3704 rivus.
1454 3655 1552 3700 272
1585 3651 1751 3715 Libya.»
1774 3650 2013 3713 regendoe]
2071 3650 2232 3701 Gildo
2254 3651 2356 3700 dux
2383 3640 2458 3701 lo-²

307 3732 419 3795 Ida]
452 3733 606 3780 Mons
627 3731 887 3794 Phrygiae.
1390 3726 1772 3789 cupletissimus
1825 3726 1876 3773 in
1934 3724 2133 3787 Africa,
2176 3732 2235 3775 ut
2269 3727 2456 3790 jugum

305 3813 404 3860 268
438 3809 619 3872 Porus]
653 3809 770 3857 Rex
803 3808 1052 3859 Indorum
1089 3807 1309 3858 for-tissi·
1394 3802 1614 3851 Honorii
1657 3808 1952 3864 excuteret,
2006 3802 2159 3852 finxit
2210 3817 2266 3853 se
2321 3805 2458 3853 velle

242 3901 371 3950 mus,
393 3887 565 3936 victus
583 3894 663 3935 est
684 3885 752 3934 ab
774 3884 1089 3935 Alexandro.
1156 3887 1310 3934 Mem·
1392 3878 1675 3929 transferre
1695 3878 1911 3942 Libyam
1929 3879 1979 3928 in
1996 3878 2295 3944 Arcadium,
2310 3881 2459 3944 quasi

244 3977 349 4024 non,
369 3963 587 4012 Anrorae
617 3962 754 4012 filius
779 3963 843 4011 ab
871 3961 1089 4012 Achille.
1164 3963 1311 4011 Gildo
1390 3957 1453 4004 ad
1479 3956 1646 4018 ipsum
1673 3956 1960 4018 pertineret
1993 3971 2207 4019 regnum
2241 3954 2459 4021 Afficae,

245 4054 276 4090 a
294 4042 578 4092 Stilichone
600 4060 612 4091 :
648 4042 851 4104 egregia
868 4041 1210 4105 comparatio.
1392 4032 1485 4082 sed
1509 4040 1568 4081 ut
1591 4032 1684 4079 sub
1706 4033 1800 4079 hac
1818 4032 1966 4094 regni
1991 4034 2165 4094 specie
2185 4046 2241 4082 se
2262 4032 2459 4083 firmius

304 4123 403 4169 270
438 4120 594 4184 ans]
657 4120 843 4168 Partes
888 4134 979 4168 seu
1024 4119 1307 4184 Imperium
1392 4118 1630 4160 tueretur
1654 4118 1839 4158 contra
1863 4109 2164 4159 Honorium.

249 4194 503 4245 Orientis.
1456 4190 1553 4235 274
1592 4187 1844 4233 Geminam
1876 4183 2066 4246 bellum]
2118 4185 2353 4234 Alterum
2406 4201 2462 4234 a·

300 4274 401 4320 871
437 4272 633 4333 Pietas]
653 4272 780 4321 cum
801 4272 1311 4336 reclamaretpietas,
1392 4270 1600 4328 pei-tum
1649 4274 1832 4311 contra
1860 4262 2164 4311 ·Honorium
2202 4269 2259 4312 et
2300 4261 2465 4312 Occi-⁸

247 4351 553 4415 vetaretque
590 4347 727 4398 bella
759 4347 897 4397 inter
932 4346 1121 4398 fratres
1148 4344 1312 4398 Arca·
1392 4341 1625 4406 dentem,
1663 4339 1883 4391 alterum
1922 4338 2076 4390 civile
2115 4345 2172 4392 et
2198 4338 2457 4393 occultum
