2925 4928
800 439 900 486 nn
945 433 1173 486 surr.
1222 433 1505 485 nonan.
1554 434 1647 485 m·
1695 435 1879 486 uAn.
2315 416 2450 484 335

260 586 294 651 1
320 585 517 668 digno
543 584 874 649 nectenda
903 585 1073 662 viro,
1102 587 1398 670 tantique
1426 605 1552 670 per
1581 587 1815 650 orbem

259 688 543 755 Consors
572 688 875 770 imperii!
911 688 1058 773 jam
1086 696 1153 754 te
1180 690 1601 754 venerabitur
1637 690 1890 755 Hister.

255 790 517 856 Nomen
545 789 1219 877 adorabuntpopuli.
1307 792 1468 858 Jam
1500 792 1775 857 Rhenus
1818 797 1886 858 et
1915 790 2117 857 Albis

251 892 547 959 Serv-iet:
579 896 648 959 in
669 896 937 960 medios
965 897 1098 962 ibis
1134 895 1397 979 Regina
1426 896 1858 981 Sygambros

238 992 430 1074 Quid
459 1018 795 1062 numerem
828 1004 1081 1082 genteS,
1114 996 1601 1082 Atlanteosque
1629 1017 1939 1064 recessus
2122 1041 2128 1052 ‹
2312 993 2450 1061 280

251 1097 506 1164 Oceani
526 1103 558 1166 ‘l
604 1106 743 1166 toto
780 1103 1029 1185 pariter
1058 1103 1373 1167 dotabere
1401 1103 1672 1167 munde.

250 1202 488 1283 Dixit3
519 1209 587 1268 et
617 1211 918 1283 ornatus,
949 1204 1268 1268 dederant
1293 1223 1467 1287 quos
1501 1224 1713 1287 nuper
1743 1208 2019 1269 ovantes

247 1302 604 1383 NereideS‚
635 1307 816 1371 collo
843 1308 1295 1390 membrisque
1325 1307 1728 1371 micantibus
1751 1312 1963 1392 aptat.

230 1405 414 1490 ⁴Ipsa
442 1414 649 1492 caput
676 1409 1020 1492 distinguit
1059 1429 1213 1487 acu,
1248 1409 1633 1492 substringit
1670 1410 1998 1475 amictus:

245 1508 594 1578 Flammea
614 1513 928 1595 virgineis
958 1512 1425 1579 accommodat
1448 1513 1607 1597 ipsa
1632 1513 1916 1595 capillis
2198 1557 2204 1562 -
2315 1513 2452 1580 285

243 1610 428 1677 Ante
469 1614 649 1679 fores
671 1616 814 1699 jam
845 1636 1102 1701 pompa
1128 1622 1348 1695 sonat,
1390 1616 1779 1701 pilentaque
1817 1634 2081 1681 sacram

243 1713 666 1804 Praeradiant
693 1717 973 1784 ductura
997 1740 1259 1787 nurum.
1350 1720 1545 1785 Calet
1571 1720 1816 1784 obvius
1848 1719 1943 1782 ire

230 1829 332 1890 ,iam
364 1829 507 1894 parit
538 1839 671 1883 astra
706 1836 759 1884 in
793 1836 1012 1887 honorem
1052 1837 1246 1887 Μανία.
1313 1838 1344 1887 1
1376 1838 1549 1886 Maria
1580 1837 1904 1898 conjungenda
1923 1835 2029 1885 viro
2042 1835 2231 1898 merito,
2252 1840 2298 1885 et
2322 1835 2452 1896 socia

230 1894 407 1955 futura
443 1898 637 1961 imperii
677 1902 804 1949 tanti
838 1917 928 1965 per
955 1903 1126 1952 orbem.
1189 1905 1306 1952 Jam
1343 1902 1600 1952 Danubius
1630 1903 1746 1951 colet
1769 1906 1831 1950 te.
1902 1901 2082 1950 Gentes
2103 1916 2279 1950 omnes
2296 1903 2451 1950 colent

240 1976 407 2011 nomen
458 1967 621 2032 tuum.
686 1967 803 2015 Jam
844 1968 1040 2017 Rhenus
1068 1973 1117 2017 et
1153 1968 1291 2017 Albis
1310 1968 1524 2017 obedient
1542 1967 1667 2016 tibi:
1703 1968 1885 2016 incedes
1905 1972 1960 2017 tu
1982 1966 2278 2030 Imperatrix
2298 1967 2350 2015 in
2368 1965 2452 2015 Si-

238 2026 451 2076 mbr-os
471 2030 664 2080 medios.
733 2033 892 2088 Quare
930 2048 1277 2083 commemorem
1293 2036 1503 2097 populos,
1539 2038 1585 2082 et
1594 2033 1724 2099 fines
1745 2033 1996 2082 Atlanteos
2021 2030 2240 2081 Oceani?
2293 2033 2453 2082 Dota-

238 2090 362 2141 beris
399 2095 652 2157 ‹equaliter
691 2096 802 2146 orb‘e
838 2098 1069 2147 universo.
1135 2099 1313 2148 Venus
1353 2100 1426 2148 sic
1469 2101 1622 2147 locuta
1661 2104 1729 2147 est
1749 2114 1766 2154 ,-
1788 2103 1834 2146 et
1855 2099 2171 2147 accommodat
2189 2097 2377 2160 cervici,
2402 2100 2453 2146 et

239 2159 421 2221 corpori
458 2160 637 2210 Mariae
657 2163 937 2226 splendenti,
957 2179 1012 2213 ea
1032 2169 1322 2226 ornamenta,
1344 2180 1447 2227 quoe
1468 2166 1599 2232 inodo
1625 2164 1854 2212 Nereides
1890 2164 2150 2224 gaudentes
2181 2163 2452 2221 tribuerant

237 2222 351 2286 ipsi.
423 2224 538 2287 Ipsa
570 2227 746 2275 Venus
782 2228 1081 2278 discriminat
1114 2245 1204 2278 aea
1238 2230 1450 2293 capillos
1492 2229 1677 2292 capitis,
1713 2227 1996 2289 constringit
2016 2232 2169 2277 vestes
2190 2227 2288 2289 eius
2306 2243 2324 2277 .·
2343 2227 2451 2289 ipsa

239 2290 440 2352 adaptat
461 2291 616 2340 velum
638 2293 874 2355 nuptiale
897 2295 1039 2344 conns
1063 2295 1362 2359 puellm-ibus.
1425 2296 1542 2343 Jam
1564 2295 1821 2343 comitatus
1836 2298 2023 2343 resonat
2045 2298 2157 2343 ante
2174 2298 2385 2357 portam,
2407 2295 2456 2341 et

1173 2389 1348 2409 “CO“
1352 2390 1407 2410 Ὀ
1412 2391 1497 2409 ΝΟ
1502 2390 1532 2408 O

239 2451 334 2516 Ep.
351 2449 540 2504 Ambr.
561 2453 714 2521 ceth-,a
730 2454 913 2506 Ambr.
935 2460 1177 2520 [ηπ-276
1202 2457 1236 2505 Ι
1251 2457 1396 2518 digno
1421 2463 1525 2509 vet.
1543 2457 1811 2522 Gyr.Exc.
1835 2458 2050 2508 Lucens.
2074 2473 2175 2507 sec.
2198 2464 2355 2522 atque
2372 2454 2451 2507 ita

238 2527 546 2579 correxerat
560 2520 821 2575 Heinsius.
847 2523 905 2570 .0
926 2523 1071 2583 digno
1089 2537 1264 2572 omnes
1283 2523 1442 2583 vatt„
1465 2524 1580 2572 Pal.
1608 2524 1754 2572 Farn.
1773 2522 1916 2571 Prie.
1945 2523 2089 2572 Rott.
2123 2523 2293 2572 Oisel.
2332 2523 2451 2571 Jam

237 2583 382 2645 digno
421 2585 609 2634 Petav.
649 2592 771 2636 tert.
821 2586 1065 2647 Condigno
1088 2586 1206 2637 Pat.
1265 2587 1487 2648 Indigno
1520 2587 1664 2637 Med.
1699 2593 1819 2636 tert.
1870 2587 2073 2648 Indigno
2096 2587 2341 2638 Van-,LL.
2369 2585 2454 2636 ed.

237 2646 396 2698 Antv.
424 2646 456 2695 I
472 2650 620 2710 dig-no
641 2650 723 2699 vel
745 2653 790 2700 Ο
808 2652 954 2713 digno
976 2651 1161 2703 Petav.
1187 2656 1422 2703 sene-27
1426 2656 1456 2701 8
1483 2653 1676 2702 Rhenus
1694 2659 1747 2701 et
1764 2651 1904 2715 Alpis
1924 2652 2076 2701 Farn.
2098 2652 2284 2703 PetaV.
2329 2657 2452 2702 tert.

236 2716 402 2762 —279
433 2711 714 2776 Sigambros
731 2716 896 2765 Oisel.
943 2717 1213 2767 Sicambros
1232 2718 1353 2768 Vat.
1396 2723 1517 2767 tert.
1551 2716 1831 2780 Sycambros
1853 2717 2179 2767 Gesn.—280
2217 2717 2454 2779 Atlantes·-

236 2792 324 2841 que
336 2777 473 2841 legit
492 2780 835 2831 Heium—281
870 2781 1087 2832 dotabere
1110 2790 1333 2847 quatuor
1355 2781 1403 2828 V
1407 2788 1507 2832 att.
1545 2783 1667 2831 Put.
1690 2782 1889 2832 Thuan.
1924 2783 2121 2832 Mazar.
2144 2782 2245 2831 duo
2269 2782 2455 2832 Petav.

237 2842 472 2893 donabere
517 2845 639 2894 Vat.
683 2861 760 2909 pr.
802 2846 947 2897 Leid.
987 2862 1065 2910 pr.
1100 2848 1214 2898 Pal.
1257 2847 1397 2897 Prie.
1439 2849 1560 2898 Vat.
1595 2846 1764 2896 Livin.
1801 2846 2102 2897 dominabere·
2115 2847 2263 2896 Med.
2287 2852 2455 2911 quart.

235 2907 441 2959 Tholos.
494 2909 709 2959 ditabere
733 2911 922 2962 Moret.
945 2925 1047 2962 sec.
1072 2929 1142 2962 m.
1166 2927 1244 2976 pr.
1295 2911 1509 2961 ditabere
1529 2912 1613 2961 vel
1647 2911 1943 2961 dominabere
1965 2912 2138 2962 Oxou.
2167 2927 2271 2962 sec.
2310 2914 2455 2961 dona-

236 2970 343 3022 bere
361 2974 447 3022 vel
470 2975 693 3024 dotabere
718 2977 861 3026 Med.
884 2991 963 3040 pr.
1002 2976 1186 3027 Ambr.
1210 2991 1314 3027 sec.
1360 2977 1589 3027 donabere
1627 2977 1710 3026 vel
1747 2976 2044 3027 dominabere
2081 2977 2211 3027 Exn.
2249 2978 2455 3027 Schott.

238 3037 541 3088 Gronovius
566 3041 878 3105 ascripserat
899 3043 1067 3092 locum
1092 3057 1168 3092 lv.
1192 3043 1347 3093 Cons.
1374 3041 1572 3096 Honor.
1595 3046 1707 3092 648.
1749 3044 1764 3069 ‘
1787 3042 1855 3091 Et
1891 3048 2002 3091 toto
2027 3042 2252 3091 dotanda
2290 3040 2456 3091 mari!

237 3103 458 3152 dotabere
475 3105 558 3155 vel
573 3106 803 3156 donabere
826 3107 907 3156 vel
929 3108 1226 3157 dominabere
1247 3107 1417 3156 Oxou.
1439 3123 1523 3172 pr.
1557 3106 1769 3157 ditabere
1786 3108 1871 3156 vel
1893 3107 2121 3156 donabere
2144 3108 2225 3156 vel
2244 3107 2454 3156 domina-

237 3166 347 3217 bere
372 3170 505 3233 Reg.
539 3171 652 3220 eoelo
677 3187 771 3234 pro
795 3175 965 3221 mundo
989 3172 1133 3223 Med.
1177 3176 1450 3225 sec.——282
1483 3174 1614 3222 dedit
1631 3178 1714 3222 aut
1742 3173 2027 3222 Pur—284
2061 3173 2345 3222 constrinxit
2366 3187 2455 3222 acu

236 3232 390 3295 lffiid.
426 3249 508 3297 pr.
563 3237 847 3299 constringit
888 3239 1010 3289 Vat.
1048 3253 1150 3288 sec.
1176 3239 1323 3288 Rott.
1348 3238 1453 3287 duo
1471 3238 1618 3287 Med.
1645 3237 1813 3288 Ursin.
1840 3236 1969 3287 Cod.
1994 3237 2098 3286 duo
2122 3238 2292 3288 Oxon.
2326 3239 2455 3300 Reg-

237 3296 361 3348 Pat.
405 3299 613 3350 Tbolos.
658 3301 759 3351 duo
803 3303 986 3353 PetaV.
1024 3303 1245 3353 totidem
1286 3302 1466 3353 Ambr.
1501 3304 1626 3353 Exc.
1652 3302 1871 3352 Lucens.
1898 3316 1999 3352 sec.
2044 3301 2307 3364 confringit
2328 3303 2454 3353 Var.

236 3360 342 3413 LL.
383 3362 468 3415 ed.
508 3363 671 3415 Antv.
717 3368 971 3428 distinguit
1016 3369 1097 3417 vel
1136 3368 1422 3430 constringit
1459 3368 1560 3417 inc.
1600 3367 1780 3418 Heius.
1821 3367 2053 3428 succingit
2089 3368 2289 3416 amictas
2309 3365 2454 3417 nied.

239 3436 412 3492 quart.
467 3431 695 3480 amictum
712 3434 830 3483 Vat.
856 3448 932 3495 pr.
956 3433 1100 3482 Med.
1125 3448 1202 3497 pr.
1223 3433 1335 3484 Pal.
1368 3434 1490 3494 Vat.
1514 3432 1850 3482 Livia—286
1913 3432 2058 3481 ilenta
2074 3435 2241 3481 sonant
2260 3431 2452 3481 Moret.

237 3506 321 3561 pr.
360 3493 610 3544 Heinsius
649 3497 897 3546 lectorem
930 3498 1261 3562 ablegaverat
1282 3497 1346 3546 ad
1370 3505 1479 3547 not.
1501 3496 1723 3548 casaub.
1756 3496 1820 3545 ad
1899 3497 1979 3545 ist.
1999 3495 2134 3559 Aug.
2161 3511 2211 3558 p.
2230 3499 2340 3545 145.
2373 3511 2452 3544 sa·

236 3572 370 3607 eram
391 3559 553 3609 Oisel.
577 3560 757 3612 Ambr.
781 3577 886 3612 sec.
934 3577 1071 3611 sacra
1092 3578 1267 3612 omnes
1288 3561 1399 3612 fere
1423 3562 1589 3626 Cogid.
1614 3563 1737 3611 Exc.
1776 3563 1986 3610 Lucens.
2027 3576 2102 3621 pr.
2140 3561 2265 3610 Var.
2287 3560 2388 3615 LL.
2419 3574 2452 3610 e

236 3637 401 3687 marg.
417 3624 658 3674 Parm.in
674 3626 856 3690 quibus
869 3634 923 3677 et
935 3643 1120 3678 sacram
1131 3643 1195 3677 ex
1209 3628 1529 3692 conjectura,
1548 3627 1666 3676 Ald.
1686 3626 1805 3677 edd.
1821 3625 1997 3676 Parm.
2013 3626 2184 3698 vicet.
2207 3632 2264 3674 et
2285 3625 2453 3686 Colin,

301 3801 403 3846 2⁷9
435 3797 750 3863 Sygambros]
783 3801 858 3849 Hi
882 3808 1000 3851 sunt
1026 3721 1491 3852 hemensif‘o'lilfm
1521 3801 1774 3863 nuptiale,
1795 3800 1869 3850 sic
1891 3800 2085 3850 dictum
2111 3814 2142 3847 a
2163 3799 2338 3848 colore
2360 3795 2454 3848 fla-

239 3876 355 3926 simi
377 3876 674 3928 Germaniae
699 3880 895 3942 populi.
1383 3893 1447 3927 vo
1467 3875 1696 3926 flammas
1720 3877 1974 3926 imitante.

303 3957 403 4004 280
435 3955 772 4019 Atlanteosque
793 3956 1018 4019 recessus]
1068 3958 1207 4007 Loca
1229 3971 1305 4006 re·
1447 3959 1545 4015 286
1578 3954 1783 4018 Pompa]
1850 3953 2140 4003 Comitatus
2195 3951 2453 4016 egregius,

239 4034 383 4078 mota
426 4029 645 4091 Anicae,
702 4048 823 4097 quae
869 4032 1016 4083 alluit
1060 4034 1303 4085 Oceanus
1383 4048 1486 4097 quo
1510 4046 1699 4095 pompa
1731 4031 2025 4095 nuptiarum
2062 4029 2320 4078 celebrior
2341 4026 2451 4078 effi-

240 4103 538 4156 Atianteus.
1387 4108 1541 4158 citur.
1588 4172 1594 4177 .

304 4185 402 4233 284
438 4183 765 4247 Substringit]
814 4186 889 4236 Ut
909 4186 1082 4236 Maria
1106 4186 1307 4236 tenuior
1452 4183 1669 4247 Pilenta]
1722 4183 1938 4247 Species
1971 4198 2171 4244 currus,
2203 4197 2307 4246 quo
2347 4180 2452 4230 vir-

242 4259 585 4325 graciliorque
604 4269 870 4324 appareat.
1386 4260 1533 4323 gines
1557 4275 1739 4323 sacrae,
1775 4275 1862 4309 sen
1886 4273 2149 4308 sacrorum
2174 4257 2451 4319 antistitae,

305 4337 401 4388 285
437 4334 705 4400 Flamen]
761 4337 1080 4388 Flammeum
1115 4342 1197 4388 est
1225 4352 1307 4388 ve·
1385 4339 1505 4389 vehi
1527 4337 1781 4417 solebant.
1834 4337 1937 4389 Sed
1955 4342 2138 4403 postea
2155 4336 2240 4387 hic
2254 4349 2364 4387 mos
2381 4334 2449 4386 ad
