2925 4928
630 405 795 512 84*

1393 457 1508 505 GL.
1556 452 1982 503 CLAUDIANI
2034 452 2085 500 1.

637 605 781 671 Hic
807 603 1018 682 stetit,
1051 611 1125 669 et
1155 603 1450 668 subitum
1474 599 1837 686 prospexit
1868 599 1956 664 ab
1996 597 2236 678 aggere
2268 598 2520 672 votum,
2709 591 2771 657 2}

638 709 1012 777 Unanimes
1054 706 1320 784 fratres,
1343 705 1586 791 juncto
1618 705 1915 788 stipante
1961 701 2238 774 Senatu,

637 812 746 877 lre
773 811 1012 888 forum,
1045 809 1455 891 strictasque
1491 806 1731 891 procul
1759 805 2021 869 radiare
2051 819 2349 877 secureS,

636 913 868 997 Atque
897 931 1028 976 uno
1058 912 1320 997 bijuges
1364 910 1515 975 tolli
1545 910 1629 973 de
1658 907 1883 972 limine
1910 905 2161 970 fasces,

639 1015 1012 1100 Obstupuit
1054 1015 1230 1093 visu,
1267 1031 1741 1096 suspensaque
1772 1010 2016 1093 gaudia
2038 1027 2280 1073 vocem

641 1117 1060 1203 Oppressum
1085 1122 1356 1181 tenuere
1385 1117 1501 1180 diu
1526 1137 1545 1196 ;
1590 1135 1753 1180 mox
1780 1113 2055 1178 inchoat
2078 1131 2194 1175 ore
2228 1129 2245 1171 t
2716 1107 2771 1173 2:

730 1219 1056 1306 Respice,
1089 1218 1149 1283 si
1189 1219 1361 1282 tales
1382 1217 1613 1302 jactas
1639 1217 1884 1281 aluisse
1906 1215 2194 1292 fluentiS,

637 1322 894 1389 Eurota
923 1321 1269 1406 Spartane,
1294 1312 1473 1386 tuis:
1506 1319 1670 1403 quid
1703 1317 1984 1402 protulit
2015 1331 2283 1401 aequum

640 1425 884 1489 Falsus
908 1424 1078 1503 olor,
1099 1424 1331 1489 valido
1366 1423 1670 1506 quamvis
1687 1422 2044 1486 decernere
2069 1425 2254 1485 cestu

636 1526 904 1605 Norint,
951 1531 1018 1592 et
1059 1528 1319 1592 ratibus
1350 1543 1573 1590 saevas
1604 1543 1826 1589 arcere
1858 1522 2191 1607 procellas
2220 1523 2251 1585 ‘l

637 1628 743 1694 En
784 1648 967 1694 nova
1008 1629 1281 1695 Ledaeis
1323 1629 1597 1693 soboles
1626 1628 1977 1709 fulgentior
2009 1624 2232 1690 astris.
2709 1623 2771 1688 22.

637 1783 769 1833 stitit
810 1783 886 1832 liic
923 1783 1113 1844 Tibris,
1155 1787 1203 1832 et
1245 1797 1271 1831 e
1313 1783 1428 1832 colle
1472 1781 1661 1845 aspexit
1693 1781 1860 1831 statim
1897 1780 2183 1830 desiderium
2218 1794 2386 1841 suum,
2425 1777 2611 1838 fratres
2643 1778 2771 1828 scili«

633 1848 937 1903 amicissimos
961 1848 1174 1897 incedere
1214 1848 1267 1896 in
1286 1846 1470 1907 fovum,
1487 1847 1670 1896 Senatu
1697 1847 1933 1908 conjuncto
1955 1847 2226 1907 comitante,
2244 1861 2300 1894 ac
2320 1846 2455 1907 longe
2470 1859 2649 1894 secures
2658 1846 2771 1894 distr

635 1917 713 1962 tas
724 1911 1010 1973 fulgescere,
1045 1912 1263 1971 etfasces
1296 1912 1561 1974 geminatos
1588 1911 1759 1975 afferri
1791 1927 1854 1960 ex
1896 1926 1991 1960 una
2012 1912 2147 1960 domo
2169 1926 2186 1960 .·
2214 1911 2478 1960 adniiratus
2496 1914 2566 1959 est
2587 1909 2766 1972 videus,

556 1978 560 1981 ’
637 1978 813 2027 laetitia
853 1979 1033 2027 incerta
1055 1977 1260 2026 cohibuit
1285 1979 1475 2039 longum
1513 1992 1668 2026 vocem
1688 1990 2032 2039 compressam5
2068 1980 2168 2025 tum
2199 1976 2368 2037 incipit
2387 1975 2544 2038 loqui.-
2584 1973 2631 2023 Ο
2661 1975 2771 2023 Eur·

635 2043 1103 2103 Lacedoememiensis,
1133 2042 1239 2091 vide
1259 2057 1322 2089 an
1351 2041 1577 2103 glorieris
1607 2041 1770 2092 tulisse
1790 2041 1965 2090 similes
1984 2040 2119 2089 viros
2143 2054 2307 2104 prope
2314 2042 2522 2106 fluvium
2541 2044 2690 2090 tuum.
2727 2041 2770 2097 C¹

637 2121 734 2156 nus,
756 2107 1010 2157 simulatus
1045 2107 1158 2170 quid
1190 2108 1368 2170 oequale
1407 2105 1597 2157 edidit?
1632 2107 1745 2154 Etsi
1787 2105 1881 2154 filii
1920 2106 2034 2169 ejus
2054 2105 2209 2154 sciant
2226 2119 2437 2168 pugnare
2471 2110 2600 2154 cestu
2619 2106 2759 2165 duro,

633 2186 868 2222 removere
905 2177 1204 2236 tempestates
1242 2170 1530 2235 perniciosas
1572 2186 1604 2219 a
1644 2172 1866 2220 navibus:
1908 2185 2011 2220 ecce
2043 2171 2203 2233 proles
2232 2185 2408 2235 recens,
2428 2170 2600 2219 clarior
2615 2169 2771 2219 sideri·

1565 2284 1921 2305 “tector-00⁴0

639 2351 887 2402 Heinsius
911 2350 1154 2400 ernendat
1173 2350 1574 2401 interluit.-23o
1609 2350 1849 2414 conspexit
1883 2349 2030 2400 Leid.
2052 2365 2131 2413 pr.
2153 2351 2348 2400 Moret.
2368 2346 2657 2400 Sum—231
2677 2347 2771 2409 jun

636 2418 830 2468 Moret.
872 2416 1061 2467 Petav.
1115 2430 1195 2481 pr.
1240 2431 1272 2464 a
1315 2431 1384 2467 m.
1427 2431 1535 2466 sec.
1578 2416 1722 2467 Med.
1777 2430 1854 2479 pr.
1913 2416 1998 2467 ed.
2043 2417 2219 2466 Parm.
2262 2425 2317 2466 et
2363 2415 2537 2464 Vicet.
2578 2415 2728 2476 juxta
2764 2430 2771 2444 ¹

624 2482 818 2544 junctos
857 2483 976 2531 Vat.
1014 2481 1181 2546 quint.
1219 2483 1439 2543 junctum
1487 2482 1786 2545 conjecerat
1832 2482 2095 2531 Heinsius·
2165 2487 2329 2531 cuncto
2369 2481 2718 2530 Barth—233
2753 2479 2771 2527 i

637 2549 760 2598 Vat.
797 2561 876 2611 pr.
921 2547 1096 2596 'Vicet.
1149 2562 1240 2595 uno
1265 2548 1394 2595 Exc.
1420 2546 1568 2596 Laeti.
1626 2546 1809 2607 biiuges
1831 2548 1912 2596 vel
1935 2547 2069 2596 binas
2090 2548 2212 2596 Vat.
2238 2547 2403 2611 quint.
2461 2545 2636 2595 lumine
2655 2546 2771 2594 Mor

638 2612 787 2663 Med.
812 2627 890 2676 pr.
914 2611 1223 2661 Pric.—-234
1259 2612 1504 2674 Obstipuit
1526 2610 1669 2661 Prie.
1710 2611 1895 2661 Petav.
1920 2627 2001 2675 pr.
2024 2611 2111 2675 qui
2135 2618 2318 2661 tamen.
2344 2626 2376 2660 a
2412 2625 2477 2660 m.
2512 2624 2617 2660 sec.
2671 2610 2771 2659 obst

630 2678 743 2741 puit
788 2678 965 2726 habet.
1019 2692 1263 2740 suppressa
1306 2692 1433 2731 tinus
1494 2677 1673 2726 Barth.
1752 2682 1937 2725 ostensa
1999 2676 2315 2725 alten-236
2396 2680 2557 2725 uentus
2605 2675 2771 2725 Vicet.

634 2746 733 2792 237
775 2744 978 2791 Eurotas
1015 2742 1161 2791 Med.
1204 2749 1376 2806 quart.
1432 2742 1641 2790 Eurotas
1685 2740 1939 2803 Spartasce
1976 2741 2121 2790 Med.
2146 2756 2228 2804 pr.
2263 2740 2344 2789 Pa
2367 2776 2380 2791 .
2413 2741 2608 2790 Mor-et.
2663 2741 2771 2788 Eur

636 2806 760 2857 Ald.
809 2808 1044 2870 Sparteve
1083 2806 1184 2856 duo
1225 2809 1344 2856 Vat.
1394 2806 1658 2869 Sparteque
1695 2807 1835 2855 Pric.
1891 2806 2122 2869 Sparteve
2165 2806 2320 2855 Farn.
2377 2806 2587 2854 Eurotas
2621 2803 2770 2868 Spart

633 2871 786 2921 Leid.
803 2887 884 2934 pr.
907 2870 1039 2921 Cod.
1063 2872 1212 2922 Junt.
1238 2872 1410 2920 Vicet.
1433 2871 1625 2935 Isingr.
1646 2872 1820 2919 Parm.
1848 2870 2135 2921 Ald.—239
2162 2870 2343 2919 Norint
2362 2869 2490 2919 Exc.
2514 2870 2665 2919 Laeti.
2722 2870 2771 2919 H

635 2936 739 2985 ruit
764 2937 866 2985 duo
888 2936 1032 2984 Med.
1056 2942 1110 2984 et
1130 2936 1213 2983 ed.
1236 2936 1409 2985 Vicet.
1468 2937 1614 2983 Norit
1638 2941 1684 2984 et
1707 2950 1737 2984 a
1756 2940 1853 2985 rat.
1869 2934 2015 2985 Leid.
2039 2949 2115 2999 pr.
2172 2935 2375 2984 Noverit
2397 2936 2521 2984 Vat.
2546 2936 2667 2995 duo,
2689 2936 2766 2985 Fa

610 3000 782 3054 ,Pr-ic.
844 3000 1045 3050 Noverit
1062 3016 1092 3048 a
1112 3000 1294 3049 ratibus
1317 3000 1513 3051 Moret.
1570 3001 1719 3049 Novit
1756 3006 1805 3049 et
1836 3015 1866 3048 a
1889 3000 2017 3049 Cod.
2040 3000 2163 3051 Jun.
2215 3004 2386 3049 norunt
2408 3005 2454 3049 et
2478 3001 2608 3050 Exc.
2632 3001 2766 3049 Voss

637 3068 734 3116 240
771 3068 850 3115 Eu
871 3068 1001 3116 Exc.
1020 3065 1172 3115 Laeti.
1217 3066 1288 3113 Et
1305 3064 1408 3116 duo
1431 3064 1575 3114 Med.
1616 3066 1686 3113 Tu
1703 3064 1831 3115 edit.
1851 3065 2025 3115 Vicet.
2050 3063 2357 3128 fulgentibus
2374 3065 2678 3116 Pric.-—241
2714 3080 2771 3128 ap

1647 3179 1859 3231 NOTAE

701 3282 800 3328 230
842 3278 1034 3342 Votum]
1069 3278 1290 3342 Aspexit
1312 3274 1505 3327 fratres
1523 3280 1703 3328 unani·
1782 3278 1989 3340 fluvius,
2015 3296 2166 3345 quem
2203 3280 2405 3330 Tiberis
2428 3278 2730 3345 alloquitur,
2757 3280 2771 3327 ¹

638 3370 766 3417 meS,
808 3356 893 3419 qui
937 3362 1088 3405 erant
1126 3369 1280 3406 causa
1317 3362 1552 3405 votorum
1589 3370 1702 3404 suo·

559 3498 563 3503 .
639 3447 773 3496 rum,
798 3450 890 3483 seu
912 3435 1155 3483 desiderii
1179 3435 1278 3483 sui.

702 3516 801 3562 232
836 3514 1047 3575 Secures,
1080 3516 1160 3576 ξε.
1193 3511 1371 3574 fasces,
1406 3512 1514 3575 isa]
1572 3512 1705 3561 Sunt

634 3591 852 3654 insignia
871 3592 1194 3652 Consulatus,
1226 3605 1342 3655 quoe
1379 3605 1410 3640 a
1432 3590 1700 3640 lictoribus

634 3676 759 3719 ante
784 3671 1031 3720 Consules
1057 3671 1409 3735 gestabantur.

701 3748 799 3794 233
852 3746 1077 3809 Bijuges]
1130 3749 1321 3796 Fasces
1373 3747 1658 3810 geminatos
1685 3762 1700 3807 3

636 3837 731 3873 sex
753 3823 959 3872 scilicet
1002 3839 1098 3887 pro
1134 3838 1233 3872 uuo
1269 3825 1510 3886 Consule,
1531 3829 1586 3872 et
1610 3838 1701 3872 sex

636 3915 734 3964 pro
778 3900 964 3959 altero,
1008 3899 1098 3962 qui
1137 3906 1310 3948 tamen
1335 3914 1400 3948 ex
1424 3915 1527 3949 una
1549 3899 1699 3949 domo

635 3968 1032 4034 attollebantur,
1059 3977 1196 4038 quod
1221 3993 1407 4027 rarum.

700 4061 797 4106 234
832 4056 1065 4119 Suspensa
1080 4055 1283 4117 gaudia]
1352 4056 1581 4116 Incerta,
1601 4070 1696 4104 res

638 4132 774 4182 enim
799 4138 943 4181 tanta
969 4141 1174 4196 tamque
1196 4131 1469 4193 singularis
1488 4138 1618 4192 erat,
1641 4138 1697 4179 ut

638 4208 905 4257 dubitaret
933 4222 997 4256 an
1022 4221 1078 4255 re
1118 4222 1239 4256 vera
1279 4206 1380 4255 duo
1404 4205 1598 4256 fratres
1622 4222 1701 4256 es·

635 4292 752 4337 sent
775 4286 921 4333 simul
945 4285 1212 4333 Consules.

652 4387 659 4395 ·
698 4364 799 4412 237
834 4361 1041 4425 Eurota]
1063 4360 1168 4412 Hic
1187 4366 1342 4412 notus
1359 4366 1440 4412 est
1456 4360 1697 4413 Laconiae

1784 3357 1895 3407 vius
1918 3356 2130 3407 fluvium
2151 3374 2166 3419 3
2191 3351 2450 3408 Romanus
2473 3358 2735 3407 Graecum.

1847 3437 1944 3484 238
1978 3436 2147 3483 Falsus
2168 3433 2288 3496 olor]
2333 3433 2611 3496 Jupiterin
2629 3433 2771 3482 Olor‹

1783 3525 2059 3560 conversus
2082 3526 2197 3560 cum
2219 3511 2364 3561 Leda
2375 3510 2599 3575 Tyndari
2621 3502 2771 3572 conju

1782 3587 2085 3648 concubuit,
2120 3593 2176 3636 et
2222 3586 2344 3635 inde
2383 3587 2489 3635 irati
2540 3585 2748 3635 Helena

1780 3664 1971 3713 Pollux
2005 3662 2174 3711 frater
2212 3663 2464 3726 Castoris,
2500 3661 2771 3727 quiindel

1780 3742 1878 3791 daei
1906 3742 2167 3791 dicuntur.

1846 3819 2110 3867 Decernere
2148 3824 2276 3867 cestu
2316 3816 2502 3879 norint]
2572 3817 2764 3867 Castor

1781 3896 1989 3957 Pollux,
2014 3896 2099 3959 qui
2115 3895 2287 3959 magni
2311 3896 2512 3958 pugiles
2536 3894 2771 3943 extitere.

1845 3977 1943 4022 239
1979 3972 2184 4022 Ratibus
2215 3986 2375 4021 arcere
2406 3970 2656 4035 procellas]
2706 3970 2771 4019 N«

1780 4063 2040 4112 nunqnam
2066 4049 2115 4095 in
2134 4047 2260 4096 mari
2289 4052 2545 4110 apparent
2563 4045 2664 4095 duo
2680 4046 2770 4109 ign

1780 4127 1865 4192 qni
1925 4115 2178 4175 vocantur
2217 4126 2404 4175 Castor
2440 4130 2494 4172 et
2538 4123 2747 4184 Pollux,

1781 4202 1902 4251 inde
1941 4209 2113 4250 nautae
2153 4200 2473 4265 praesagiunt
2506 4206 2767 4263 tempesta

1784 4279 2019 4330 sedatum
2041 4279 2123 4327 iri.

1842 4361 1941 4408 240
1972 4356 2160 4409 Ledoeis
2179 4353 2347 4418 astris]
2401 4355 2618 4405 Castore
2643 4359 2701 4404 et
2722 4354 2769 4403 P
