2925 4928
911 438 992 485 m
1042 432 1156 485 ch.
1203 437 1744 487 anumANuM.
2344 427 2434 492 45

220 600 556 649 manorum
584 581 997 666 aliarumque
1040 585 1328 666 gentium
1372 586 1473 650 ita
1508 592 1697 650 erant
1737 604 1820 651 ea
1849 588 2246 669 tempestate
2275 607 2435 653 con-

220 683 388 763 fusa,
423 690 498 748 ut
520 705 608 748 ex
640 685 756 748 illa
775 685 1063 750 colluvie
1081 707 1256 751 nova
1277 690 1473 773 plane
1503 709 1716 752 rerum
1740 689 1949 754 facies
1968 696 2205 754 exorta
2233 696 2431 768 esset,

223 809 363 874 quae
394 809 626 854 rursus
671 790 954 854 subinde
983 791 1187 855 variis
1235 812 1325 856 ex
1372 793 1601 856 causis
1648 794 2049 869 mutabatur,
2104 793 2435 878 aliamque

223 894 533 976 speciem.
559 893 858 976 quotidie
914 915 1110 979 paene
1163 896 1504 961 induebat.
1619 895 1700 958 In
1757 897 1859 960 his
1914 903 1977 959 et
2028 897 2332 979 publicae
2371 900 2436 960 et

223 997 501 1079 privatae
528 999 689 1062 vitae
718 998 1302 1064 vicissitudinibus
1343 1006 1596 1063 tantum
1626 1000 1836 1075 abest,
1884 999 2250 1088 ut'definire
2279 1017 2437 1082 pos·-

226 1102 454 1178 simuS,
501 1121 656 1183 quae
689 1103 932 1185 cuique
962 1102 1237 1186 tempori
1269 1101 1512 1165 fuerint
1541 1103 1836 1184 propria,
1883 1101 2170 1185 quidque
2198 1107 2436 1186 postea

226 1205 322 1270 vel
351 1206 654 1268 demtum
682 1206 790 1269 vel
821 1204 1117 1268 additum
1146 1206 1252 1269 vel
1294 1206 1713 1268 immutatum
1743 1205 1851 1281 sit,
1899 1211 1969 1267 ut
1997 1224 2082 1268 ne
2109 1223 2257 1268 eam
2287 1202 2436 1290 qui-'-

228 1309 369 1372 dem
399 1328 619 1372 rerum
646 1308 949 1384 formam,
998 1308 1221 1391 qualis
1253 1307 1608 1371 Claudiani
1653 1326 1803 1370 aevo
1829 1306 2046 1385 fuerit,
2097 1307 2434 1388 cognitam

226 1417 777 1494 perspectamque
806 1411 1189 1474 habeamus.
1281 1411 1388 1475 Ita
1434 1411 1530 1487 fit,
1581 1417 1660 1472 ut
1706 1410 1774 1473 in
1828 1410 1976 1492 ejus
2030 1410 2438 1479 carminibus,

227 1534 423 1578 voces
472 1512 740 1596 quidem
789 1513 1138 1577 audiamus
1187 1521 1251 1577 et
1299 1514 1603 1595 legamus
1649 1513 1714 1575 in
1761 1514 2057 1596 priorum
2101 1512 2434 1594 poetarum

225 1617 664 1685 monumentis
696 1616 862 1679 satis
882 1616 1143 1692 obviaS,
1163 1636 1379 1679 rerum
1410 1621 1631 1680 autem
1653 1617 1822 1679 ratio
1844 1635 1962 1699 per
1990 1615 2144 1679 illas
2167 1634 2437 1698 expres-⁶

226 1739 440 1784 sarum
484 1719 821 1782 interdum
859 1738 985 1783 nos
1025 1718 1261 1800 fugiat,
1299 1719 1565 1802 quando
1603 1739 1690 1783 ex
1733 1719 2065 1804 adjunctis
2095 1718 2437 1800 cognosci-

224 1842 392 1900 muS,
441 1842 594 1885 eam
627 1822 712 1884 ab
755 1822 1040 1910 antiqua⁴
1066 1821 1184 1886 illa
1214 1829 1282 1885 et
1310 1822 1570 1902 vulgari
1612 1822 1941 1886 diversam
1971 1822 2204 1885 fuisse.
2294 1819 2437 1885 Ad-·-

222 1925 552 1989 mirabilis
583 1944 783 2007 porro
813 1930 952 1988 erat
980 1944 1238 1989 morum
1266 1924 1724 1989 Romanorum
1751 1928 1821 1989 in
1850 1926 2111 1990 homine
2142 1923 2438 1988 Alexan·-

224 2028 410 2092 drino
443 2028 766 2109 cognitiO,
820 2047 1044 2091 eorum
1088 2029 1487 2112 praesertim,
1540 2029 1657 2113 qui
1707 2031 1933 2095 locum
1974 2028 2345 2093 habuerant
2371 2026 2438 2090 in

222 2131 426 2196 libera
452 2131 840 2214 republica3
885 2132 1054 2195 hanc
1084 2152 1348 2216 quoque
1394 2136 1633 2216 quavis
1677 2135 1923 2218 pagina
1964 2137 2274 2208 ostentat,
2317 2149 2438 2194 ex-

224 2234 580 2318 emplaque
610 2239 678 2297 et
720 2235 1254 2318 comparationes
1302 2236 1458 2300 inde
1508 2237 1677 2301 alias
1729 2255 1931 2320 super
1981 2235 2148 2298 alias
2176 2231 2437 2317 repetit,

227 2338 419 2420 quasi
471 2336 544 2399 id
580 2337 820 2420 egerit,
875 2347 957 2403 ut
1001 2339 1419 2404 dominatum
1472 2341 1782 2404 inanibus
1838 2339 2169 2404 libertatis
2217 2334 2438 2400 verbis

227 2441 752 2522 commendaret3
798 2462 918 2507 nec
945 2444 1015 2507 in
1042 2444 1223 2511 omni
1253 2444 1526 2509 historia
1557 2443 1868 2508 Romana
1894 2443 2015 2506 vix
2042 2440 2289 2505 factum
2317 2437 2442 2503 ali-

228 2543 403 2628 quod
435 2566 566 2609 seu
594 2566 701 2610 res
754 2548 1002 2612 accidit
1052 2555 1416 2613 memoratu
1465 2549 1683 2632 digna,
1739 2549 1930 2633 cujus
1975 2546 2087 2609 ille
2118 2545 2269 2608 loco
2299 2543 2441 2627 ple·

226 2667 504 2732 rumque
548 2656 708 2732 apto
736 2650 1133 2714 mentionem
1164 2670 1297 2715 non
1326 2652 1557 2729 faciat,
1607 2652 2001 2735 passimque
2025 2649 2223 2712 rebus
2266 2664 2442 2730 prae-

231 2752 535 2816 sentibus
567 2752 905 2833 ingeniose
935 2755 1424 2819 accommodet.
2214 2834 2217 2837 ⁴

312 2855 657 2920 Praeterea
685 2854 951 2919 dicendi
974 2876 1209 2937 genuS,
1253 2879 1386 2942 quo
1414 2858 1826 2923 Claudianus
1852 2875 2011 2921 usus
2041 2860 2160 2932 est,
2209 2851 2446 2916 simili·-

228 2958 555 3035 tudinum,
585 2960 1177 3041 comparationum,
1205 2960 1584 3041 figurarum,
1617 2968 1957 3044 troporum
1986 2964 2087 3022 est
2115 2956 2444 3031 refertum,

230 3080 511 3145 quorum
542 3060 610 3124 in
639 3061 726 3125 iis
758 3062 1183 3138 carminibus»,
1239 3083 1391 3146 quae
1445 3065 1515 3127 in
1560 3063 1830 3127 laudem
1872 3061 1981 3125 vel
2010 3061 2082 3122 in
2113 3057 2448 3140 vitupera-

230 3166 478 3228 tionem
507 3164 789 3249 alicujus
842 3164 1090 3248 scripta
1122 3171 1294 3243 sunt,
1343 3166 1430 3229 iis
1478 3166 1863 3249 plerumque
1892 3161 2153 3245 gaudet,
2201 3158 2447 3243 quibus

230 3286 332 3329 res
383 3288 596 3351 supra
639 3266 912 3330 modum
955 3268 1062 3331 vel
1112 3271 1431 3352 augentur
1479 3268 1586 3332 vel
1638 3267 2119 3350 deprimuntur.
2209 3259 2446 3323 Oratio

229 3388 359 3433 non
389 3388 482 3433 ex
523 3371 765 3433 mentis
807 3370 1186 3434 conditione
1213 3377 1452 3454 sponte
1478 3379 1661 3449 nata,
1694 3372 1787 3434 ita
1814 3377 1891 3436 ut
1930 3389 2016 3431 ex
2043 3366 2189 3450 ejus
2221 3364 2446 3427 colore

231 3490 424 3535 suum
457 3472 745 3535 colorem
778 3470 1082 3550 traheret,
1138 3473 1258 3536 sed
1283 3481 1423 3538 arte
1453 3475 1744 3557 quaesita
1770 3479 1898 3551 est,
1947 3468 2332 3551 singulaque
2360 3460 2448 3526 ad

231 3576 723 3658 praeceptiones
758 3575 954 3656 quasi
986 3576 1359 3659 composita
1407 3580 1579 3641 sunt.
1669 3575 1870 3639 Unde
1920 3574 2168 3637 factum
2198 3571 2322 3644 est,
2370 3570 2450 3628 ut

231 3677 350 3742 illa
372 3677 693 3760 imaginis
734 3678 824 3754 sit
850 3678 1081 3757 instar,
1131 3679 1218 3742 ad
1245 3680 1522 3762 picturae
1556 3678 1821 3762 quidem
1860 3678 2039 3759 leges
2068 3672 2446 3745 delineatae,

233 3781 596 3866 pigmentis
637 3801 774 3845 non
801 3782 1243 3860 naturalibuS,
1295 3784 1416 3848 sed
1459 3782 2008 3865 exquisitissimis
2046 3776 2448 3862 quibusque,

234 3884 575 3963 obductae,
609 3884 816 3948 vitam
845 3885 1084 3950 stolide
1112 3886 1424 3964 ludentiS,
1453 3906 1585 3949 non
1615 3886 1847 3950 oculos
1877 3885 2266 3963 animosque
2292 3895 2451 3941 con-

233 3988 729 4071 templantium,
777 3987 1038 4071 sibique
1085 3989 1335 4072 imponi
1378 3990 1655 4054 libenter
1697 3988 2110 4073 patientium,
2159 3979 2451 4045 fascina-

235 4091 414 4154 tione
475 4090 890 4154 suavissima
939 4093 1461 4174 perstringentis.
1587 4089 2165 4172 Quemadmodum
2221 4097 2454 4147 omnes

239 4211 346 4256 res
374 4194 461 4257 ad
491 4194 1012 4258 ostentationem
1059 4201 1474 4278 comparatae
1520 4201 1671 4259 sunt
1716 4201 1782 4259 et
1823 4196 2178 4275 congestae,
2221 4203 2353 4248 non
2381 4185 2454 4245 ut

243 4294 750 4363 admirationem
806 4303 1144 4374 moveant,
1218 4297 1472 4383 quippe
1530 4300 1596 4363 in
1653 4317 1788 4382 quo
1843 4283 2244 4361 declamator
2295 4302 2452 4351 raro
