2925 4928
474 403 607 479 470
1189 427 1306 477 οι.
1354 426 1783 477 anumAm
1833 419 2061 481 xvr'u.

473 573 618 639 Aut
646 574 872 658 pueris
901 574 1113 638 latura
1133 578 1372 653 metuS,
1406 579 1523 639 aut
1550 575 1759 640 taedia
1779 576 2083 652 mensis,'

473 673 615 740 Aut
638 677 879 741 crimen
901 675 1198 754 famuliS‚
1232 682 1348 741 aut
1376 676 1888 762 procedentibus
1921 696 2119 742 omen
2144 697 2164 757 3
2555 677 2711 744 125-

475 778 568 842 Et
596 778 756 842 nihil
783 780 1112 844 exhausto
1144 787 1468 863 caperent
1497 781 1562 844 in
1593 781 1821 864 stipite
1852 782 2062 845 lucri:

472 879 816 964 (Sternere
846 882 1097 967 quippe
1128 889 1340 962 torOS,
1369 884 1480 948 vel
1513 883 1776 949 caedere
1806 885 1988 966 ligna
2020 884 2290 965 culinae,

478 975 790 1048 Membra
817 990 1093 1068 negant:
1141 1005 1399 1064 aurum,
1429 994 1681 1066 πεῖθε,
1714 1006 1963 1051 arcana
1990 987 2165 1051 tueri

480 1086 680 1151 Mens
708 1086 918 1150 infida
944 1092 1143 1153 vetat.
1235 1088 1409 1167 Quis
1437 1090 1612 1155 enim
1646 1090 2054 1154 committere
2084 1088 2293 1154 vellet
2670 1171 2675 1180 N

483 1188 740 1254 Lenoni
769 1190 1134 1255 thalamum
1153 1188 1219 1277 2)
1261 1192 1528 1256 tandem
1560 1212 1685 1257 ceu
1712 1191 1914 1257 funus
1948 1193 2286 1269 acerbum,
2569 1181 2701 1254 13⁰

478 1291 985 1375 Infaustamque
1016 1293 1161 1357 suis
1191 1297 1442 1358 trusere
1474 1295 1833 1379 penatibus
1861 1295 2181 1359 umbram.

479 1392 832 1460 Contemtu
853 1395 1000 1479 jam
1028 1396 1197 1461 liber
1222 1402 1384 1461 erat.
1478 1397 1594 1461 Sic
1626 1402 1860 1481 pastor
1888 1397 2166 1461 obesum

480 1496 690 1561 Lacte
724 1516 960 1562 canem
987 1497 1290 1583 ferroque
1320 1500 1506 1582 ligat,
1534 1501 1891 1583 pascitque
1912 1499 2311 1574 revinctum,

479 1695 702 1758 convivis,
733 1701 818 1746 aut
853 1698 1002 1747 scelus
1038 1698 1205 1761 servis,
1242 1704 1328 1748 aut
1358 1700 1611 1761 augurium
1647 1698 1797 1748 triste
1834 1696 2180 1748 occurrentibus
2195 1714 2216 1756 ;
2261 1700 2311 1745 et
2345 1709 2460 1745 cum
2505 1692 2707 1744 domini

479 1763 656 1810 nuttam
677 1764 917 1812 traherent
938 1764 1197 1813 utilitatem
1219 1779 1285 1814 ex
1306 1770 1475 1814 trunco
1499 1766 1599 1813 isto
1631 1769 1884 1814 reeiccato:
1932 1779 2042 1812 nam
2078 1776 2243 1825 corpus
2262 1761 2375 1825 ejus
2396 1760 2550 1809 debile
2571 1775 2707 1808 recu-

480 1831 557 1875 sat
581 1831 747 1889 aptare
780 1829 1028 1891 thalamos,
1050 1830 1123 1878 cel
1154 1830 1364 1879 scindere
1394 1831 1530 1891 ligna
1566 1830 1761 1879 culinoe:
1797 1830 1985 1878 animus
2008 1828 2119 1890 ejus
2138 1827 2345 1891 perfidus
2359 1825 2584 1890 prohibet
2605 1839 2706 1873 ser-

477 1905 591 1939 vare
606 1893 871 1954 pecuniam,
893 1895 1189 1956 vestimenta,
1203 1900 1397 1944 secreta.
1423 1896 1617 1944 Etenim
1634 1895 1789 1958 ecquis
1808 1896 1943 1943 vellet
1966 1895 2153 1942 credere
2176 1895 2348 1940 lectum
2369 1890 2706 1953 conjugalem

481 1954 669 2007 lenm?
716 1960 900 2007 demam
937 1960 1220 2022 expulerunt
1258 1961 1403 2009 illum
1436 1976 1523 2009 sua
1560 1962 1713 2022 domo,
1751 1961 1879 2009 velut
1918 1960 2115 2006 cadaver
2152 1958 2409 2018 molestum,
2430 1961 2478 2004 et
2516 1957 2706 2003 larvam

477 2019 726 2080 infelicem,
792 2024 908 2072 dam
931 2024 1049 2073 liber
1070 2025 1337 2075 remanebat
1370 2026 1437 2075 ob
1449 2025 1725 2087 fastidium.
1792 2025 1874 2073 Ita
1891 2028 2054 2086 pastor
2079 2023 2249 2084 alligat
2281 2035 2417 2069 nexu
2438 2018 2635 2082 ferreo,
2659 2023 2709 2068 et

481 2086 636 2135 nutrit
660 2087 913 2151 alligatum
943 2104 1102 2139 canem
1120 2093 1348 2154 pinguem
1380 2091 1521 2156 lacte,
1553 2093 1665 2140 dum
1684 2090 1838 2150 sortis
1860 2095 1940 2138 est
1963 2088 2028 2138 ad
2049 2102 2245 2151 gregem
2270 2084 2637 2149 defendendum,
2660 2087 2708 2134 et

1384 2242 1418 2262 O
1421 2240 1770 2261 OOOOOOOOOOO

480 2336 629 2387 Med.
671 2343 791 2389 tert.
814 2339 1016 2390 Bonon.
1038 2341 1161 2393 Pat.
1200 2343 1412 2394 Thalos.
1450 2351 1559 2394 tres
1592 2343 1932 2394 Ambr.--125
1964 2340 2335 2406 proecedeutibus
2354 2337 2501 2389 Med.
2528 2342 2712 2401 quart.

479 2402 729 2453 Heinsius
762 2405 1071 2469 ascripserat
1108 2408 1277 2460 locum
1320 2410 1539 2458 Lucian.
1565 2425 1617 2474 p.
1654 2414 1768 2459 536.
1805 2418 1855 2457 et
1879 2413 1994 2457 623.
2036 2414 2090 2456 et
2128 2410 2242 2467 893.
2267 2408 2339 2454 sic
2363 2405 2429 2469 de
2458 2404 2709 2467 AEthiope

481 2469 621 2531 apud
644 2470 900 2533 Spartian.
922 2472 1135 2523 Severo.
1167 2489 1219 2537 p.
1259 2480 1344 2525 75.
1379 2475 1686 2539 Apostolius
1711 2491 1763 2540 p.
1785 2477 2064 2524 213.—126
2102 2474 2224 2521 Cum
2245 2471 2364 2520 nihi!
2384 2471 2507 2521 Vnt.
2535 2467 2712 2533 quint.

479 2533 604 2583 Pat.
645 2535 713 2584 Ut
743 2535 866 2585 nihil
905 2536 1053 2586 Med.
1090 2545 1213 2588 tert.
1253 2540 1456 2590 Thuan.
1485 2541 1664 2590 Ambr.
1690 2548 1815 2590 tert.
1870 2540 1968 2596 Qui
1992 2538 2113 2588 nihil
2133 2539 2256 2589 Jun.
2283 2551 2360 2600 pr.
2416 2536 2555 2590 Quod
2580 2533 2712 2582 nihil

479 2598 624 2648 Med.
647 2614 751 2650 sec.
771 2615 840 2649 m.
865 2615 971 2650 sec.
1032 2604 1102 2652 Et
1133 2605 1213 2653 vel
1241 2606 1362 2654 Cum
1382 2605 1505 2654 nihil
1527 2606 1669 2655 Prie.
1708 2607 1836 2655 Exc.
1877 2604 2025 2653 Loeti.
2075 2603 2264 2666 capiens
2282 2601 2425 2649 Prie.
2484 2614 2508 2648 e
2530 2599 2710 2662 stipite

479 2663 614 2727 conj.
642 2664 828 2726 Heius,
859 2667 1031 2729 cespite
1053 2668 1200 2719 Leid.
1225 2684 1330 2720 sec.
1371 2671 1515 2721 Pric.
1546 2671 1748 2720 Thuan.
1783 2670 1909 2719 Put.
1948 2684 2017 2719 m.
2040 2683 2120 2732 pr.
2147 2669 2249 2716 duo
2275 2666 2463 2715 PetaV.
2492 2666 2709 2713 Bonon.

479 2728 601 2777 Pat.
624 2729 833 2782 Thalos.
867 2730 969 2780 duo
1010 2733 1187 2783 Ambr.
1228 2735 1359 2785 Lov.
1407 2735 1579 2785 Oxou.
1623 2749 1729 2784 sec.
1774 2736 1905 2784 Exc.
1952 2734 2168 2784 Gevart.
2205 2728 2391 2780 Sched.
2433 2730 2578 2779 Gud.
2616 2728 2707 2781 ed.

480 2792 655 2843 vicet.
691 2797 815 2846 Var.
854 2797 959 2845 LL.
993 2797 1077 2847 ed.
1114 2797 1270 2848 Antv.
1325 2800 1491 2863 stipite
1528 2800 1673 2850 Leid.
1716 2814 1795 2863 pr.
1825 2800 2017 2848 Moret.
2057 2813 2161 2847 sec.
2195 2796 2382 2845 Ambr.
2421 2809 2526 2843 sec.
2568 2795 2708 2843 Exc.

479 2858 616 2907 Laeti
642 2864 697 2907 et
732 2859 956 2910 Lucens.
981 2877 1085 2913 sec.
1135 2865 1304 2928 cespite
1327 2866 1410 2914 vel
1430 2866 1597 2929 stipite
1615 2865 1804 2913 Petav.
1830 2879 1911 2926 pr.
1947 2863 2067 2912 lucri
2081 2863 2164 2912 vel
2188 2862 2332 2910 lucris
2353 2859 2500 2909 Med.
2528 2866 2710 2922 quart.

472 2926 641 2972 -127
675 2939 836 2988 nempe
854 2925 956 3000 ing.
981 2928 1166 2979 Heius.
1200 2934 1282 2977 aut
1305 2932 1483 2979 eoedere
1511 2931 1622 2979 Pal.
1657 2931 1810 2978 Fam.
1836 2929 1962 2978 Vat.
1999 2942 2104 2977 sec.
2125 2927 2272 2976 Med.
2297 2940 2375 2989 pr.
2396 2924 2595 2974 Moret.
2619 2937 2708 2986 pr.

476 3006 525 3048 et
547 3003 672 3051 Vat.
694 3004 859 3068 quint.
883 3005 942 3052 tm
962 3005 1086 3056 Jun.
1108 3019 1186 3068 pr.
1221 3004 1360 3055 unde
1385 3005 1633 3056 Heinsius
1671 3005 1783 3055 bene
1822 3005 2160 3068 conjiciebat,
2233 3001 2334 3051 uod
2373 3001 2424 3050 in
2463 3001 2708 3050 Florent.

477 3071 647 3116 extat.
683 3068 826 3116 cubili
859 3083 953 3132 pro
975 3070 1146 3119 culinoe
1161 3070 1286 3121 Jun.
1312 3075 1560 3133 pr.—129
1591 3077 1737 3134 negat
1760 3071 1887 3119 Vat.
1908 3076 2028 3119 tert.
2048 3070 2196 3118 Rott.
2263 3075 2336 3117 ut.
2360 3082 2427 3117 m.
2452 3080 2534 3129 pr.
2562 3065 2708 3127 Reg.

477 3130 674 3180 'l'hnam
698 3133 893 3184 Mazar.
914 3134 1064 3184 Leid.
1102 3149 1182 3197 pr.
1221 3136 1407 3186 Petav.
1432 3139 1718 3186 terh—131
1755 3135 2112 3197 Infaustamque
2133 3134 2278 3182 Med.
2319 3147 2396 3195 pr.
2444 3132 2563 3180 Jam
2580 3129 2705 3190 fau-

476 3198 689 3260 stumque
724 3197 849 3248 Jun.
875 3213 952 3261 pr.
997 3200 1167 3249 misere
1191 3200 1336 3250 Leid.
1362 3215 1468 3252 sec.
1497 3203 1622 3251 Vat.
1647 3215 1754 3251 sec.
1795 3201 1906 3249 Pal.
1940 3199 2081 3248 Prie.
2106 3198 2255 3248 Med.
2278 3211 2359 3259 pr.
2395 3194 2567 3245 Oxou.
2592 3209 2705 3243 sec.

477 3260 606 3310 Put.
628 3263 830 3312 Bonon.
852 3264 1057 3314 Tholos.
1074 3266 1268 3315 Moret.
1293 3280 1399 3316 sec.
1424 3267 1528 3315 duo
1553 3265 1735 3316 Ambr.
1757 3258 1881 3315 tres*
1899 3265 2085 3314 Petav.
2111 3264 2241 3312 Exc.
2264 3262 2486 3311 Gevart.
2507 3259 2704 3310 Sched.

479 3324 619 3376 Gud.
642 3328 769 3378 Var.
807 3328 911 3380 LL.
950 3329 1033 3379 ed.
1055 3330 1215 3379 Antv.
1267 3337 1449 3380 trusere
1486 3332 1569 3380 vel
1607 3332 1775 3381 misere
1796 3330 2120 3393 Reg.Oxon.
2143 3330 2387 3391 pix—182
2423 3326 2703 3385 contemtus

480 3386 767 3441 Ala—133
827 3394 967 3444 Vecte
1002 3395 1140 3458 conj.
1181 3396 1367 3446 Heius.
1419 3395 1541 3446 libat
1582 3396 1668 3446 ed.
1711 3397 1880 3446 Parm.
1918 3395 2285 3444 vitiose.-184
2317 3391 2528 3440 validum
2572 3389 2701 3437 Var.

1474 3526 1695 3578 NOTAE

545 3630 638 3676 124
678 3627 838 3678 Toedia
874 3631 1067 3696 musis]
1134 3632 1291 3697 Cujus
1331 3631 1547 3682 monstri
1627 3647 1777 3698 quam
1803 3631 1945 3683 succi
1968 3647 2034 3681 ex
2058 3636 2244 3681 trunco
2278 3642 2507 3678 exsucco
2532 3631 2590 3676 et
2614 3642 2703 3676 ex-

477 3703 644 3766 turpis
667 3711 720 3753 et
742 3703 910 3755 foetidi
947 3714 1165 3772 aspectu
1191 3709 1417 3759 taedebat
1440 3724 1547 3760 om·
1625 3710 1827 3760 hausto.

477 3793 570 3829 nes
595 3779 797 3830 diutius
819 3783 874 3832 in
897 3799 1075 3834 mensa
1096 3787 1416 3836 commorari.
1546 3802 1551 3809 ·
1693 3790 1783 3836 131
1828 3783 2075 3847 Umbram]
2113 3784 2353 3845 Lat-vam,
2374 3780 2699 3830 cacodaemo-

543 3858 636 3903 125
675 3857 867 3906 Crimen
914 3859 1140 3924 famulis]
1205 3862 1379 3910 Tanta
1432 3866 1547 3910 erat
1625 3876 1764 3922 nem,
1788 3863 1976 3910 malum
2002 3860 2226 3924 genium.
2534 3907 2545 3917 ,

477 3932 697 3981 monstri
736 3934 1027 3999 turpitudo,
1063 3943 1121 3986 ut
1159 3938 1294 3987 servi
1339 3937 1381 3987 si
1427 3954 1547 3988 cum
1693 3942 1787 3989 132
1821 3936 1984 4000 Liber]
2040 3936 2197 3986 Liber
2234 3940 2350 3984 erat
2382 3933 2450 3983 ob
2473 3941 2702 3983 contem-

475 4006 906 4073 illo'habitarent,
940 4026 995 4060 se
1036 4013 1253 4063 crimine
1276 4020 1546 4078 et=oppro·
1629 4022 1758 4075 tum,
1783 4013 1900 4078 quia
1927 4027 2072 4062 nemo
2096 4012 2194 4061 sibi
2227 4011 2372 4060 illum
2396 4011 2699 4061 vindicabat

476 4084 594 4135 brio
619 4087 778 4149 pollui
800 4087 1098 4152 crederent,
1129 4095 1371 4156 tanquam
1395 4090 1437 4139 si
1461 4106 1547 4141 ca·
1626 4090 1692 4140 ob
1716 4089 2110 4152 turpitudinem.
2540 4082 2557 4097 ⁴

477 4160 642 4210 daver
673 4164 983 4228 tetigissent.
1658 4216 1663 4225 ,
1692 4169 1787 4215 133
1822 4162 1994 4225 Lacte]
2048 4164 2213 4212 Canes
2246 4168 2462 4211 teneros
2485 4177 2624 4226 pane
2647 4167 2699 4211 et

545 4243 641 4288 126
675 4240 879 4305 Stipite]
931 4243 1059 4291 Cum
1082 4242 1400 4293 domininon
1425 4246 1544 4308 plus
1625 4244 1766 4292 lacte
1806 4241 1999 4291 bubulo
2040 4238 2226 4289 nutriri
2266 4230 2531 4303 praecepit
2566 4241 2696 4290 Con-

477 4315 723 4368 utilitatis
803 4320 1070 4374 traherent
1137 4335 1205 4372 ex
1266 4322 1544 4389 Eutropio,
1625 4319 1901 4381 stantinus,
1967 4316 2252 4381 Egregium
2280 4316 2644 4381 praeceptum!
