2925 4928
465 381 600 462 248

466 549 642 617 Visa
670 552 873 618 etiam
897 554 1141 633 medio,
1170 555 1446 640 populis
1475 557 1893 638 mirantibus,
1925 560 2155 628 audax

463 650 680 720 Stella
708 655 838 734 die,
871 656 1234 723 dubitanda
1261 660 1447 738 nihil,
1478 681 1600 726 nec
1630 664 1804 726 crine
1835 668 2059 730 retuso

461 753 836 837 Languida,
869 759 985 823 sed
1017 766 1296 842 quantus
1323 769 1706 828 numeratur
1733 770 1927 830 nocte
1956 766 2231 833 Bootes.

461 854 883 943 Emicuitque
933 861 1144 945 plagis
1183 864 1380 928 alieni
1418 867 1739 948 temporis
1773 867 2017 952 hospes

460 957 666 1043 IgniS,
697 967 765 1026 et
795 966 1065 1045 agnosci
1092 967 1328 1049 potuit,
1357 987 1510 1032 cum
1539 967 1733 1032 Luna
1758 968 2012 1036 lateret.

457 1061 617 1149 Sive
647 1085 883 1147 parens
912 1065 1219 1150 Augusta
1244 1070 1393 1149 fuit,
1425 1090 1546 1135 seu
1574 1071 1745 1136 forte
1773 1072 2018 1139 reluxit

454 1162 622 1232 Divi
652 1168 838 1234 sidus
867 1172 1000 1250 avi,
1033 1193 1149 1237 seu
1183 1179 1249 1239 te
1276 1175 1795 1258 properantibus
1827 1177 2026 1242 astris

1164 400 1287 459 bl...
1334 404 1765 463 oLAUDIAM
1815 412 1977 466 vm.

2537 664 2672 733 185

2526 1179 2662 1244 190

447 1303 790 1364 tranquillitate
810 1309 910 1353 tua.
974 1307 1173 1356 Δείνωνι
1202 1324 1376 1374 quoque
1395 1314 1566 1361 ardens
1585 1317 1879 1376 conspectum
1910 1318 2011 1375 est,
2047 1312 2100 1362 in
2120 1313 2274 1363 media
2295 1313 2414 1374 luce,
2430 1312 2661 1375 gentibus

450 1364 800 1430 obstupefactis,
821 1385 912 1418 non
932 1372 1205 1436 dubitabile,
1225 1390 1310 1424 nee
1329 1376 1477 1426 debile
1508 1392 1639 1427 coma
1657 1377 1895 1440 hebetata,
1916 1384 1970 1428 at
1999 1385 2221 1441 tantum,
2399 1394 2454 1428 us
2482 1379 2670 1430 Arcto-ff

443 1429 631 1493 phylax
650 1439 859 1484 censetur
877 1441 1036 1487 nocte.-
1059 1444 1105 1486 et
1109 1441 1314 1503 flamma
1335 1439 1518 1504 effulsit
1541 1442 1725 1506 hospita
1747 1443 1801 1491 in
1821 1444 2093 1506 reg-ionibus
2117 1444 2264 1507 Coeli,
2284 1443 2427 1492 alteri
2456 1444 2663 1506 tempori

448 1493 740 1560 destinatis,
772 1514 828 1547 uc
859 1502 1018 1562 potuit
1048 1505 1364 1554 animadverti
1401 1522 1509 1556 cum
1527 1507 1663 1556 Luna
1682 1507 1991 1558 delitesceret.
2057 1508 2153 1558 Seu
2181 1515 2341 1558 muter
2363 1509 2662 1576 Imperatrix

446 1560 635 1623 extitit,
656 1561 754 1611 sive
764 1563 938 1623 forsan
959 1566 1157 1618 Astram
1188 1570 1288 1619 Avi
1326 1571 1403 1620 tui
1424 1573 1547 1621 Divi
1577 1571 1782 1638 refulsit,
1811 1573 1909 1622 sive
1932 1575 2017 1623 Sol
2038 1572 2205 1634 facilis
2226 1574 2450 1623 concessit
2474 1574 2677 1645 Coelum,

1368 1697 1726 1717 OOOOWOOOO

445 1755 648 1820 Imperii
670 1760 756 1809 lux
774 1759 859 1809 illa
885 1760 993 1822 suit
1023 1765 1260 1829 sequenti
1284 1768 1467 1815 Cuncta
1488 1766 1617 1816 nitor
1637 1772 1985 1831 praeponatur,
2023 1783 2170 1818 secus
2195 1782 2257 1818 ac
2281 1768 2332 1817 in
2355 1768 2656 1820 aliis—184

444 1820 518 1871 Et
557 1823 664 1872 visa
693 1829 764 1873 est
783 1827 903 1877 Vat.
941 1843 1020 1891 pr.
1047 1831 1200 1881 Farn.
1241 1833 1410 1881 mediis
1443 1831 1576 1893 Reg.
1624 1833 1767 1881 Med.
1812 1839 1934 1884 tert.
1958 1834 2136 1882 curretis
2178 1833 2457 1883 mirantibus
2479 1833 2656 1884 Oxou.

441 1890 710 1938 sec.-—-185
763 1905 921 1942 recuso
978 1894 1140 1946 Oisel.
1198 1896 1370 1946 Oxou.
1406 1911 1485 1961 pr.
1522 1895 1671 1946 Leid.
1728 1912 1805 1961 pr.
1842 1903 1897 1948 et
1925 1899 2027 1949 Ms.
2065 1913 2246 1948 recusso
2285 1899 2414 1947 Exc.
2447 1898 2662 1948 Schott.

437 1953 584 2000 reoe'so
607 1953 752 2003 Med.
775 1970 877 2006 sec.
891 1972 922 2006 a
943 1973 1009 2006 m.
1029 1974 1108 2022 pr.
1127 1961 1298 2010 recisse
1315 1963 1456 2011 Prie.
1480 1958 1684 2011 Thuan.
1704 1960 1836 2012 Exr.
1860 1963 2010 2013 Voss.
2041 1968 2223 2013 retento
2238 1964 2360 2012 Vnt.
2395 1976 2473 2027 pr.
2494 1964 2655 2013 Fam.

436 2021 620 2066 retruso
637 2020 784 2070 Leid.
804 2035 910 2071 see.
928 2025 1058 2073 Exc.
1071 2025 1288 2077 Gevart.
1306 2027 1474 2090 Lugd'.
1491 2032 1547 2075 et
1563 2027 1888 2086 Basil.refuso
1903 2028 2160 2078 ed.Vicet.
2172 2033 2328 2078 remo
2345 2033 2451 2077 vet.
2467 2029 2653 2078 Germ.

439 2080 607 2131 Coliu.
633 2085 762 2134 Exc.
783 2086 1005 2138 Lucens.
1026 2103 1131 2140 sec.
1154 2091 1240 2140 ed.
1264 2092 1440 2141 Parm.
1474 2097 1531 2139 et
1552 2091 1821 2142 alii.-186
1852 2093 2068 2157 quatitur
2084 2098 2358 2143 numeratus
2371 2093 2495 2143 Vat.
2521 2099 2651 2142 tert.

437 2144 587 2195 Med.
614 2162 720 2199 see.
752 2164 821 2198 m.
840 2165 920 2213 pr.
960 2153 1060 2202 luce
1083 2155 1202 2204 Vat.
1226 2163 1395 2220 quart.
1419 2162 1475 2204 et
1492 2155 1658 2219 quint.
1683 2156 1807 2206 item
1829 2158 1954 2209 Jun.
1974 2173 2053 2223 pr.
2076 2160 2178 2208 luce
2198 2159 2279 2207 vel
2302 2163 2434 2208 nocte
2456 2159 2652 2208 Petav.

436 2216 681 2273 pr.—-187
714 2228 884 2277 expers
936 2232 1030 2281 pro
1068 2219 1230 2282 hospes
1263 2221 1410 2269 Med.
1445 2225 1734 2271 terh—188
1780 2224 1952 2272 luceret
2005 2237 2171 2286 marg.
2216 2223 2409 2286 Isingr.
2464 2229 2654 2272 contra

433 2281 809 2328 metum—189
826 2287 997 2344 potens
1007 2283 1217 2334 Tholos.
1256 2286 1472 2347 Auguste
1498 2284 1644 2335 Med.
1665 2293 1836 2349 quart.
1872 2293 2036 2351 sponte
2068 2289 2246 2338 reluxit
2256 2289 2380 2338 Vat.
2398 2302 2476 2350 pr.
2490 2289 2651 2338 Fam.

435 2344 600 2389 —190
634 2343 756 2391 Divi
788 2345 919 2394 sidus
961 2347 1057 2409 uvi,
1091 2354 1260 2398 seu-te
1302 2358 1409 2399 vet.
1434 2350 1565 2412 Gyr.
1591 2351 1720 2400 Exc.
1744 2353 1964 2401 Lucens.
2005 2367 2107 2402 sec.
2151 2353 2309 2402 Dives
2359 2367 2474 2402 avus
2516 2354 2652 2404 LoV.

430 2404 591 2454 Divus
609 2421 726 2456 usus
737 2406 906 2469 sumta
922 2426 1006 2461 seu
1033 2417 1080 2462 te
1110 2413 1292 2467 Ambr.
1312 2420 1432 2466 tert.
1452 2414 1608 2464 Divus
1627 2430 1743 2464 avias
1758 2432 1842 2467 seu
1861 2421 1909 2467 te
1921 2419 2067 2468 elaris
2081 2418 2199 2468 Pal.
2216 2419 2371 2468 Fam.
2395 2423 2451 2467 et
2467 2432 2649 2468 omnes

432 2470 560 2522 Vnt.
581 2472 784 2523 Thuan.
804 2484 864 2526 et
883 2477 1065 2527 Ambr.
1112 2495 1189 2543 pr.
1233 2482 1377 2530 claris
1395 2496 1477 2529 seu
1498 2485 1547 2529 te
1574 2481 1720 2531 Med.
1759 2488 1929 2546 quart.
1970 2484 2162 2533 Mon-et.
2203 2498 2309 2533 sec.
2350 2483 2494 2533 Leid.
2531 2498 2644 2534 sec.

430 2535 563 2588 Exn.
588 2538 803 2590 Gevatt.
823 2556 903 2591 seu
935 2548 983 2592 te
1013 2545 1169 2594 clarus
1191 2547 1272 2594 vel
1291 2546 1433 2595 elaris
1457 2545 1597 2594 Prie.
1619 2561 1704 2595 seu
1738 2552 1789 2595 te
1825 2550 1938 2597 coelo
1956 2548 2105 2614 Leid.
2132 2563 2211 2611 pr.
2232 2550 2357 2598 Vnt.
2383 2555 2507 2598 tert.
2544 2563 2650 2612 pro

427 2614 539 2652 var.
564 2604 712 2655 Lect.
738 2606 884 2656 Med.
909 2622 1017 2660 see.
1039 2612 1150 2659 ooelo
1183 2625 1266 2660 sen
1303 2617 1353 2661 te
1392 2611 1674 2660 ed.=Vieet.
1707 2612 1819 2661 coelo
1852 2613 1934 2661 vel
1972 2614 2112 2661 claris
2134 2614 2365 2663 Florent.
2407 2613 2550 2662 claris
2584 2614 2660 2662 in-

430 2665 595 2716 Oisel.
619 2668 965 2736 desideratur,
1005 2682 1065 2724 ut
1102 2682 1158 2725 et
1181 2676 1235 2725 in
1258 2677 1389 2740 Reg.
1415 2676 1623 2726 Tholos.
1646 2677 1834 2726 Petav.
1858 2692 1963 2727 sec.
1988 2685 2043 2727 et
2063 2678 2261 2727 duobus
2282 2677 2463 2727 Ambr.
2487 2694 2569 2727 seu
2591 2684 2646 2727 te

413 2729 521 2790 jam
542 2737 644 2783 tum
673 2734 821 2786 Med.
842 2742 968 2787 tert.
987 2754 1073 2788 seu
1093 2745 1142 2789 te
1162 2742 1342 2791 metis
1363 2743 1509 2791 Rott.
1533 2755 1616 2791 seu
1636 2747 1684 2791 te
1703 2756 1846 2804 puero
1866 2742 1992 2791 Put.
2024 2758 2106 2791 seu
2137 2747 2185 2792 te
2205 2749 2371 2792 nutum
2386 2744 2470 2792 vel
2490 2758 2569 2795 seu
2591 2750 2647 2819 te

415 2796 640 2857 jamjam
661 2798 836 2850 Oxou.
859 2817 965 2852 see.
988 2820 1072 2855 seu
1109 2810 1157 2855 te
1179 2808 1416 2858 dominum
1438 2808 1637 2856 Mazar.
1679 2822 1836 2857 manu
1874 2809 2094 2859 recenti.
2125 2808 2278 2858 Dives
2317 2823 2449 2872 avus,
2480 2808 2646 2858 cham

1405 2904 1619 2958 NOTAE

491 2977 587 3023 184
617 2976 799 3027 Audax
817 2981 975 3044 stella]
1017 2985 1176 3036 Quasi
1192 2986 1343 3035 stella
1361 3001 1486 3035 ausa

424 3048 496 3100 sit
527 3052 738 3116 prodire
777 3058 1024 3124 meridie:
1068 3062 1159 3111 sed
1199 3063 1486 3112 notandum

423 3132 507 3176 est
528 3127 612 3178 hic
649 3129 852 3182 stellam
893 3133 978 3185 die
1022 3137 1185 3186 visam
1221 3140 1343 3201 poni
1388 3153 1485 3204 pro

418 3202 688 3256 fortunato
709 3210 998 3275 praesagi03
1033 3213 1130 3263 etsi
1153 3215 1279 3265 alias
1297 3216 1483 3266 infelix

418 3282 588 3332 stellae
602 3283 804 3336 diutuae
827 3295 1070 3351 aspectus
1089 3306 1202 3341 esse
1218 3293 1486 3357 credatur,

417 3358 556 3434 quod
578 3360 782 3414 scilicet
801 3364 855 3413 id
885 3364 979 3415 fiat
999 3381 1150 3418 verso
1177 3377 1378 3421 naturae
1404 3387 1485 3422 or·

417 3433 557 3488 dine.

482 3518 576 3564 185
614 3514 898 3569 Dubitanda
925 3521 1069 3586 nihil]
1101 3525 1226 3576 'Pam
1247 3526 1388 3577 clare
1409 3527 1483 3578 vi-

414 3588 640 3640 debatur
661 3594 830 3658 stessn,
853 3603 912 3646 ut
941 3597 1008 3648 de
1047 3614 1110 3649 ea
1131 3602 1369 3654 dubitare
1392 3620 1482 3656 ne·

413 3680 501 3716 mo
518 3675 715 3731 posset.

481 3744 649 3809 Crine]
686 3747 840 3797 Radii
861 3752 1010 3816 hujus
1044 3757 1229 3822 stellae,
1264 3759 1474 3824 capillo-

413 3833 529 3869 rum
547 3824 772 3886 speciem
795 3827 1070 3881 habebant.

476 3902 573 3949 186
625 3900 904 3969 Languida]
954 3908 1218 3960 Moriens:
1270 3917 1473 3964 veteres

409 3972 658 4026 dicebant
695 3977 886 4043 iguem,
910 3983 1075 4033 instar
1093 3985 1345 4050 animalis,
1366 3991 1470 4053 spi·

409 4066 528 4103 rare
552 4060 607 4102 et
628 4056 914 4123 exspirare,
935 4060 1270 4125 languescere
1292 4071 1349 4114 et
1381 4080 1491 4115 exe

407 4126 574 4180 citari.
692 4119 705 4136 '

471 4206 569 4255 Sed
583 4209 805 4275 quantus]
837 4210 1019 4261 Stella
1038 4214 1147 4263 sola
1169 4220 1314 4267 tauta
1335 4228 1469 4284 erat,

407 4290 631 4347 quantus
671 4291 754 4335 est
801 4287 1024 4350 Bootes3
1079 4291 1176 4342 boc
1229 4299 1326 4358 est,
1373 4311 1466 4346 suo

1565 2995 1842 3059 splendore
1863 2997 2104 3062 aequabat
2145 3012 2469 3047 numerosam
2508 2998 2641 3050 stel·.

1563 3072 1727 3121 larum
1785 3074 1970 3122 Bootae
2036 3074 2435 3124 multitudinem.
2543 3076 2639 3125 De

1565 3151 1735 3199 Boote
1790 3164 1946 3214 supra
1995 3150 2217 3200 diximus
2259 3151 2313 3199 in
2353 3165 2438 3201 ιιι.
2477 3152 2637 3203 Cous.

1565 3227 1703 3276 Hon.
1727 3241 1779 3276 v.
1806 3232 1915 3277 170.

1634 3307 1729 3353 187
1767 3303 1954 3368 Hospes
1970 3301 2125 3366 ignis]
2158 3302 2407 3370 Flamma,
2444 3304 2633 3354 stella:

1567 3388 1623 3430 et
1640 3379 1837 3444 optime
1859 3382 2065 3444 hospes,
2083 3394 2197 3445 quae
2222 3379 2273 3427 in
2298 3394 2360 3430 eo
2382 3381 2494 3430 loco
2518 3395 2636 3431 esse

1566 3470 1666 3506 non
1691 3456 1826 3505 solet
1843 3457 1943 3506 hoc
1967 3461 2218 3519 tempore.

1631 3537 1729 3582 189
1759 3534 2007 3597 Augu-stu]
2050 3533 2171 3581 Sive
2194 3533 2348 3583 stella
2367 3534 2451 3583 illa
2474 3533 2634 3586 fuerit

1561 3615 1733 3659 mater
1787 3615 1876 3658 tua
1932 3609 2150 3658 Plaeilla
2208 3623 2301 3659 seu
2357 3611 2647 3672 Flaccilla,·

1555 3686 1665 3735 sive
1698 3699 1841 3749 avus,
1877 3686 1985 3749 qui,
2014 3686 2179 3735 instar
2218 3685 2347 3737 Julii
2382 3688 2632 3752 Caesaris,

1553 3765 1899 3830 probabiliter
1921 3766 2160 3816 conversi
2184 3774 2305 3816 sunt
2326 3768 2379 3816 in
2404 3775 2560 3819 nstra.

1621 3846 1717 3891 190
1741 3842 1891 3907 Divi]
1920 3842 2089 3893 Julius
2110 3842 2307 3905 Coesar,
2329 3841 2625 3909 AugustuS,

1554 3925 1610 3968 et
1648 3919 1735 3968 alii
1774 3919 1923 3969 multi
1967 3919 2212 3982 deinceps
2248 3919 2625 3984 Imperatores,

1552 4001 1673 4058 post
1695 4003 1914 4045 mortem
1939 3996 2231 4046 consecrati
2264 4002 2403 4062 sunt,
2440 4005 2498 4049 et
2530 4014 2625 4065 ap·

1554 4072 1737 4137 pellati
1756 4073 1895 4123 Divi.
1930 4099 1936 4107 ·
2437 4091 2442 4105 =
2632 4090 2636 4094 ’

1613 4148 1801 4213 Astris]
1836 4148 2156 4212 Gentilibus,
2198 4149 2307 4199 sive
2345 4166 2378 4200 e
2423 4150 2636 4204 familia·

1549 4224 2064 4290 Honoriidesumtis,
2104 4232 2269 4277 matre
2319 4229 2527 4281 scilicet
2564 4239 2621 4281 et

1547 4314 1670 4351 avo..
1763 4325 1766 4328 >
1840 4323 1844 4327 >
2066 4323 2071 4327 ·
