2925 4928
934 410 1032 459 oa
1078 407 1181 460 rr.
1227 408 1441 460 cons.
1484 409 1778 463 nouom
2329 396 2464 465 245
2535 472 2546 482 ⁸

261 553 498 631 Mater,
531 558 602 618 et
632 553 719 617 ad
747 552 1004 636 primas
1034 552 1261 617 docuit
1282 557 1545 637 reptare
1574 552 1869 619 curules.

265 655 596 720 Uberibus
616 658 892 735 sanctiS,
925 655 1404 739 immortalique
1437 655 1731 720 Dearum

257 756 524 823 crescis
557 758 871 823 adoratus
899 758 1189 841 gremio:
1233 759 1357 823 tibi
1387 776 1578 841 saepe
1608 757 1833 822 Diana

254 858 609 925 Maenalios
640 881 834 926 arcus
863 860 1374 944 venatricesque
1405 861 1748 943 pharetras

251 961 635 1045 Suspendit,
671 963 920 1045 puerile
950 962 1193 1026 decus:
1239 968 1314 1026 tu
1345 981 1533 1045 saepe
1567 960 1892 1027 Minervae

206 1144 214 1155 θ
248 1060 497 1126 Lusisti
528 1065 787 1147 clypeo,
818 1063 1200 1147 fulvamque
1228 1063 1499 1146 impune
1528 1083 1871 1148 pererrans

246 1164 516 1246 AEgida,
548 1169 851 1231 tractasti
880 1165 1162 1230 blandos
1194 1166 1523 1231 interritus
1554 1185 1827 1248 angueS.

244 1266 443 1350 Saepe
475 1273 634 1333 tuas
666 1270 892 1347 etiam,
914 1269 1060 1352 jam
1090 1275 1233 1332 tum
1262 1267 1589 1351 gaudente
1621 1269 1886 1348 marito,

242 1368 518 1437 Velavit
550 1372 818 1455 Regina
847 1392 1098 1450 comaS‚
1129 1373 1505 1454 festinaque
1532 1373 1674 1438 voti

241 1470 687 1539 Praesumtum
717 1475 1028 1540 diadema
1058 1475 1268 1539 dedit:
1314 1482 1453 1541 tum
1484 1477 1750 1541 lenibus
1779 1474 1951 1539 ulnis

2325 757 2454 822 160

2318 1271 2447 1335 165

234 1652 311 1701 Tu
333 1653 595 1704 honoratus
623 1656 773 1705 sacris
793 1656 1022 1720 mmnmis,
1043 1662 1090 1705 et
1110 1662 1285 1706 oetemo
1304 1658 1414 1707 sinu
1443 1660 1658 1709 Deorum
1691 1658 1928 1707 adolescis.
1992 1657 2158 1706 Diana
2167 1654 2444 1720 frequenter

232 1719 474 1781 suspendit
489 1734 555 1768 ex
580 1721 801 1770 humeris
825 1722 926 1770 tuis
947 1736 1084 1773 arcus
1102 1723 1373 1785 Maenalios,
1393 1729 1439 1772 et
1451 1724 1704 1787 pharetras
1722 1729 1859 1786 aptas
1872 1722 2128 1784 venationi,
2149 1722 2202 1769 iu
2223 1722 2441 1771 honoreus·

225 1784 365 1843 pueri
379 1800 397 1832 .-
424 1789 485 1832 tu
493 1783 772 1848 sreqroenter
791 1787 1047 1835 delectatus
1066 1802 1116 1836 es
1134 1792 1265 1836 scuto
1301 1788 1532 1850 Palladis,
1569 1792 1615 1837 et
1639 1801 1914 1850 percurrens
1951 1791 2052 1836 tuto
2089 1788 2296 1850 clypeum
2328 1787 2439 1849 ejus

230 1847 509 1910 cuv-thiteva,
531 1850 744 1912 tetigisti
757 1865 943 1900 securus
963 1857 1199 1914 ser-pentes
1235 1853 1346 1916 ejus
1382 1853 1684 1902 blandientes.
1749 1852 2045 1915 Frequenter
2079 1867 2255 1914 quoque
2289 1851 2444 1915 Impe-

229 1913 390 1961 tutrix
408 1914 567 1963 cinxit
588 1919 721 1964 tuum
740 1917 1013 1979 caput,jam
1035 1921 1135 1966 tum
1162 1919 1354 1966 loetante
1370 1919 1563 1979 conjuge
1573 1917 1860 1967 Theodosio
1878 1933 1891 1977 ;
1926 1921 1975 1965 et
2004 1917 2235 1966 desiderio
2252 1922 2438 1978 promto

226 1975 399 2027 'tribuit
423 1979 523 2030 tibi
543 1980 760 2030 diadema
779 1982 1063 2031 destinatum
1077 1982 1215 2044 prius
1228 1999 1244 2032 .-
1278 1988 1388 2032 tunc
1399 1983 1576 2033 extulit
1592 1990 1644 2033 te
1658 1981 1861 2031 brachiis
1876 1982 2068 2046 teneris,
2088 1987 2137 2031 et
2154 1982 2363 2031 admovit
2385 1989 2437 2031 te

1159 2118 1513 2139 OOOOMOON‘O

225 2202 316 2248 157
333 2199 544 2263 Jamque
569 2200 814 2256 Quirinali
828 2201 1017 2252 Moret.
1030 2205 1297 2252 sem—158
1314 2200 1473 2249 decuit
1489 2201 1608 2251 Vat.
1623 2204 1866 2263 pr.--159
1879 2198 2026 2250 sacris
2048 2200 2241 2249 Mazar.
2259 2200 2432 2249 inmor-

225 2264 428 2327 talisque
459 2267 587 2316 Exc.
624 2267 841 2317 Gevart.
874 2268 1088 2316 Deorum
1124 2267 1244 2315 Vat.
1268 2271 1437 2330 quart.
1461 2264 1608 2315 Med.
1646 2272 1768 2315 tert.
1789 2265 1976 2316 Petav.
2000 2279 2079 2328 pr.
2102 2264 2283 2314 Ambr.
2310 2272 2433 2316 tert.

223 2328 347 2378 Exc.
374 2330 597 2381 Lucens.
616 2345 724 2381 sec.
777 2332 987 2381 Deorum
1021 2342 1223 2394 septem
1256 2331 1357 2379 alii.
1408 2330 1620 2379 Deorum
1642 2331 1725 2380 vel
1763 2331 1975 2380 Deorum
2009 2330 2132 2379 Vat.
2164 2344 2242 2392 pr.
2281 2331 2431 2379 Farn.

221 2394 418 2442 duarum
452 2396 538 2445 vel
577 2396 791 2446 Deorum
826 2397 949 2447 Vat.
968 2397 1294 2461 quint.—-160
1348 2395 1530 2444 Crescit
1569 2394 1692 2445 Vat.
1728 2400 1850 2446 tert.
1887 2396 2032 2445 Rott.
2070 2394 2203 2457 Reg.
2249 2409 2314 2445 m.
2353 2410 2429 2458 pr.

225 2458 343 2507 Cam
363 2459 434 2508 sis
455 2459 605 2512 Med.
628 2470 796 2526 quart.
828 2463 1048 2513 odorat-its
1069 2460 1196 2512 Exc.
1215 2462 1433 2511 Lucens.
1454 2475 1557 2511 sec.
1589 2461 1847 2510 adamatus
1860 2461 1980 2511 olim
2004 2458 2213 2523 legebat
2249 2459 2430 2511 Heius.

220 2527 381 2573 —163
414 2525 619 2575 Jussisti
639 2529 761 2577 Var.
784 2528 887 2577 LI..
911 2528 994 2579 ed.
1020 2529 1176 2577 AntV.
1197 2526 1468 2591 flavumque
1492 2524 1671 2576 Ambr.
1688 2540 1792 2576 sec.
1817 2526 1918 2576 inc.
1942 2525 2283 2574 Βότω-164
2303 2525 2430 2574 blan-

221 2590 388 2652 dosque
428 2590 553 2642 Jnn.
589 2608 680 2640 non
701 2594 899 2641 territus
931 2593 1050 2643 Put.
1082 2593 1203 2642 Pat.
1243 2590 1529 2655 perterritas
1566 2591 1687 2641 Vat.
1726 2597 1844 2640 tert.
1868 2590 2016 2639 Rott.
2041 2590 2202 2639 Oisel.
2229 2590 2426 2639 Bonon.

217 2654 446 2704 Florent.
470 2670 539 2705 m.
560 2672 637 2719 pr.
660 2659 761 2707 duo
784 2658 968 2708 Petav.
989 2657 1161 2720 anguis
1172 2658 1301 2707 Exc.
1318 2658 1535 2706 Lucens.
1558 2659 1797 2719 pr.—166
1815 2656 2039 2715 ,iamlam
2064 2653 2212 2705 ambo
2233 2654 2424 2703 Moret.

218 2718 343 2770 Exc.
365 2719 508 2770 Laeti
531 2730 586 2771 et
613 2723 830 2773 Lucens.
853 2738 933 2787 pr.
964 2725 1079 2772 Jam
1099 2738 1220 2772 nanc
1241 2722 1384 2771 Med.
1418 2730 1586 2786 quart.
1621 2721 1819 2770 Bonon.
1842 2719 1960 2769 Pat.
1981 2718 2126 2769 Leid.
2147 2733 2225 2781 pr.
2250 2725 2305 2767 et
2323 2734 2426 2770 sec.

218 2797 281 2833 m.
302 2799 409 2835 sec.
438 2787 657 2837 Lucens.
680 2795 735 2837 et
755 2789 837 2838 ed.
860 2789 1030 2838 Vicet.
1078 2789 1196 2837 Jam
1228 2792 1332 2836 tum
1355 2788 1437 2835 vel
1472 2788 1588 2835 Jam
1618 2800 1739 2834 utare
1760 2786 1886 2835 Exc.
1908 2784 2125 2833 Gevart.
2171 2785 2285 2832 Jam
2309 2789 2426 2834 tunc

218 2848 401 2915 reliqui
426 2858 785 2903 omnes—167
820 2853 971 2903 deest
1005 2852 1090 2903 hic
1126 2867 1305 2904 versus
1326 2851 1378 2901 in
1409 2851 1445 2903 J
1452 2866 1536 2902 un.
1575 2865 1651 2914 pr.
1706 2851 2004 2899 Proesemum
2024 2850 2145 2899 Vat.
2171 2864 2247 2912 pr.
2271 2849 2421 2899 Faru.

1215 2984 1264 3033 N
1271 2982 1429 3032 01*AE

276 3080 370 3126 158
405 3078 606 3129 Primos
637 3081 842 3145 curules]
895 3082 1074 3131 Mater
1097 3080 1279 3130 docuit
1423 3082 1519 3128 162
1553 3078 1815 3141 Minervoe]
1864 3079 1997 3130 Quae
2021 3083 2078 3126 et
2100 3076 2292 3140 Pallas,
2315 3075 2421 3124 filia

215 3160 262 3204 te
282 3162 393 3222 turn
417 3157 646 3218 primum
668 3172 850 3221 repere
868 3157 934 3207 ad
951 3158 1279 3221 dignitatem,
1355 3157 1390 3209 J
1395 3158 1524 3220 ovis,
1546 3158 1661 3208 Dea
1680 3172 1936 3206 armorum
1961 3162 2017 3206 et
2034 3156 2403 3206 doctrinarum.

215 3245 306 3295 qua
341 3232 434 3297 qui
473 3234 785 3297 conspicuus
809 3240 909 3296 est,
934 3235 1136 3284 vehitur
1164 3234 1277 3282 sella

214 3304 426 3370 eburnea,
450 3324 543 3357 seu
569 3311 736 3372 cunali,
760 3326 876 3375 qnae
898 3311 953 3359 in
973 3312 1138 3375 ipsius
1161 3325 1276 3359 cnr-

214 3396 265 3430 ru
286 3384 588 3447 imponitur.
643 3385 730 3435 Sic
752 3388 928 3435 curulis
950 3388 1160 3450 ponitur
1181 3400 1276 3450 pro

215 3460 494 3511 Consulatu
515 3479 529 3523 ;
565 3462 767 3527 signnm
792 3480 887 3529 pro
913 3480 969 3515 re
992 3465 1209 3529 signata.

265 3542 362 3587 159
404 3538 641 3588 Uberibus
670 3542 868 3604 sanctis]
911 3543 1050 3593 Cura
1072 3548 1128 3592 et
1150 3542 1274 3592 edu-

213 3614 410 3663 catione
435 3616 619 3665 matris
634 3617 902 3682 Augustae,
923 3621 1129 3680 crescis,
1147 3620 1271 3669 ado-

211 3698 343 3742 ratus
382 3694 436 3742 in
473 3692 673 3757 gremio
708 3696 887 3746 Dianae
926 3703 982 3747 et
1004 3693 1272 3760 Palladis,

209 3781 309 3829 quae
357 3768 459 3819 tibi
525 3770 877 3824 blandiuntur.
965 3773 1030 3822 Id
1080 3772 1272 3823 dicitur

209 3841 388 3908 forsan,
411 3847 553 3911 quod
590 3848 853 3898 Honorius
878 3850 1173 3912 venatione,
1192 3864 1270 3899 ar-

208 3920 308 3982 mis,
332 3930 386 3971 et
411 3924 580 3972 literis
606 3924 974 3976 delectaretur.

265 4002 355 4047 160
389 4000 582 4064 Diana]
640 4001 796 4051 Soror
840 4001 1119 4066 Apollinis,
1162 4001 1269 4051 filia

211 4072 412 4124 Latonae
435 4082 491 4125 et
512 4076 547 4127 J
553 4078 683 4141 oviS‚
698 4080 818 4127 Dea
841 4079 1145 4128 venationis.

265 4152 352 4199 161
391 4153 648 4202 Moenalios
681 4154 838 4217 arcus]
877 4155 1078 4207 Quibus
1103 4155 1266 4205 utitur

209 4222 254 4310 lu
276 4226 517 4293 Maenalo,
550 4238 728 4281 monte
758 4229 1003 4283 Arcadiae
1028 4232 1081 4281 in
1118 4232 1267 4283 Grae·

210 4313 297 4354 cra.

1424 3238 1518 3283 164
1551 3234 1755 3297 AEgida]
1802 3233 2057 3297 clypeum
2090 3232 2165 3281 sic
2203 3232 2417 3292 dictum,

1354 3308 1447 3358 ἀπὸ
1468 3311 1554 3367 τῆς
1574 3307 1724 3372 αἰγὸς,
1746 3325 1777 3357 a
1797 3322 1953 3370 capra»
1983 3308 2123 3370 pelle,
2146 3321 2250 3371 qna
2273 3306 2416 3368 AEgis

1353 3400 1446 3435 seu
1470 3386 1697 3449 Clypeus
1720 3384 1864 3436 Jovis
1899 3384 2063 3447 patris
2101 3383 2412 3445 tegebatur:

1351 3464 1474 3514 hinc
1496 3463 1638 3528 AEgis
1674 3463 1861 3527 saepius
1898 3462 2113 3511 sumitur
2137 3476 2231 3525 pro
2273 3462 2413 3510 Deo·-

1353 3555 1469 3590 rum
1491 3540 1706 3605 clypeiS.
1853 3567 1868 3576 =

1416 3617 1630 3666 Blaundos
1650 3614 1852 3678 angues]
1904 3615 2187 3679 Serpentes
2227 3613 2413 3664 Medu-

1352 3709 1444 3754 sae,
1467 3693 1647 3758 quibus
1663 3693 1905 3742 horrebat
1926 3693 2140 3757 clypeus
2162 3693 2413 3755 Palladis,

1349 3770 1747 3822 blandiebantur
1785 3770 2035 3833 Honorio,
2057 3783 2162 3818 non
2183 3783 2331 3819 secus
2351 3784 2410 3818 ac

1348 3850 1447 3912 ipsi
1469 3848 1701 3898 Palladi:
1749 3862 1986 3912 magnum
2024 3847 2155 3896 Deae
2193 3846 2243 3895 in
2264 3845 2410 3895 illum

1351 3926 1539 3976 amoris
1561 3933 1935 3989 argumentum.

1414 4008 1510 4053 166
1544 4002 1830 4066 Festinaque
1870 4001 1994 4065 coti]
2048 4001 2188 4051 Ante
2227 3999 2410 4065 praeci·

1348 4080 1495 4143 piens
1530 4079 1958 4143 praeveniensque
1977 4093 2123 4127 suum
2141 4078 2208 4127 de
2231 4077 2410 4129 Hono-

1345 4155 1423 4204 rio
1483 4162 1675 4213 votum,
1731 4170 1877 4203 suum
1932 4154 2261 4217 desiderium,
2303 4168 2407 4221 quo

1343 4232 1516 4297 ipsum
1537 4231 1913 4295 Imperatorem
1931 4245 2043 4279 esse
2066 4231 2297 4295 optabat.
2371 4255 2377 4263 ·

1400 4309 1507 4360 ’167
1542 4306 1886 4373 Praetutium]
1940 4305 2080 4358 Ante
2122 4307 2403 4372 legitimam
