2925 4928
933 443 1013 493 IN
1065 444 1112 492 1.
1148 441 1369 492 ῸΟΝΒ.
1403 442 1747 492 ‘smmum
1798 441 1944 491 Lrn.
1992 441 2074 489 11.

399 595 732 660 Phrixeus
758 610 953 656 roseo
984 589 1323 673 producat
1349 588 1563 653 fertile
1597 595 1800 654 cbrnu

395 699 539 765 Ver
566 696 795 762 Aries:
842 696 1117 780 pingues
1147 714 1268 758 nec
1300 694 1615 774 grandine
1644 692 1883 759 tundat
1910 693 2128 758 olivas

399 801 722 886 Scorpios
749 821 765 865 ε
815 799 1110 864 autumni
1136 805 1436 864 maturet-
1446 799 1744 881 germina
1771 797 2008 881 Virgo.

383 906 646 969 Lenior
674 910 741 967 et
767 902 1065 987 gravidis
1097 903 1357 967 allatret
1386 902 1601 967 Sirius
1629 903 1804 969 uvis.

402 1006 517 1074 Sic
549 1006 749 1082 fatuS,
783 1004 1362 1071 croceis’rorantes
1389 1006 1658 1087 ignibus
1686 1006 1917 1071 hortos

403 1109 811 1193 Ingreditur:
859 1109 1234 1193 vallemque
1264 1128 1479 1188 suam,
1512 1130 1715 1194 quam
1748 1109 2099 1174 flammeus
2130 1108 2342 1173 ambit

403 1211 647 1291 R'ivuS‚
679 1221 750 1276 ct
778 1212 1041 1302 irriguis
1068 1212 1325 1297 largum
1347 1213 1552 1297 jubar
1579 1215 1815 1299 ingerit
1843 1213 2086 1291 herbiS,

404 1313 597 1393 Quas
628 1314 804 1380 Solis
832 1319 1200 1403 pascuntur
1227 1318 1406 1400 equi.
1499 1316 1974 1401 Fragrantibus
2003 1315 2159 1380 inde
2482 1307 2613 1381 470

404 1503 546 1553 Aries
569 1504 812 1554 Phrixeus
830 1520 974 1555 cornu
1027 1506 1187 1556 ulchro
1207 1508 1380 1573 efficiat
1401 1525 1485 1559 ver
1493 1510 1767 1571 foecundum
1780 1526 1796 1559 .·
1827 1524 1971 1573 neque
1989 1507 2213 1572 Scor-pius
2231 1506 2447 1557 verberet
2465 1522 2616 1569 gram

403 1569 513 1618 dine
532 1570 659 1618 oleas
691 1570 911 1632 pingues.
982 1522 1129 1635 ‘eir-go
1168 1574 1359 1624 reddat
1382 1574 1538 1636 [κείω
1568 1575 1803 1626 Autumni
1842 1579 2067 1635 maturos,
2104 1579 2151 1622 et
2191 1573 2420 1621 Canicula
2455 1573 2621 1622 mitior

403 1635 547 1683 latret
569 1648 622 1682 ιιι
643 1650 850 1684 racemos
882 1641 1145 1698 turgentes.
1209 1639 1298 1689 Sol
1330 1638 1403 1689 ita
1438 1643 1620 1690 loeutus
1639 1641 1792 1689 intrat
1811 1640 1969 1688 hortos
1988 1653 2103 1688 suos
2136 1636 2608 1701 manantesflommis

401 1699 669 1763 purpureis,
686 1706 734 1750 et
757 1700 914 1751 intrat
930 1708 1076 1764 proto
1095 1719 1201 1767 sua,
1213 1705 1515 1770 qu‘aefliwius
1534 1706 1701 1768 igneus
1719 1706 1893 1768 cingit,
1911 1710 1957 1753 et
1979 1703 2202 1753 immittit
2224 1705 2372 1753 lucem
2388 1704 2621 1765 copiosam

405 1764 560 1814 herbis
577 1766 757 1829 sparsis
776 1766 912 1831 luce,
930 1767 1096 1831 quibus
1115 1770 1223 1834 equi
1239 1770 1368 1821 Solis
1385 1774 1597 1822 duntur.
1666 1772 1786 1821 Inde
1811 1771 1901 1820 Sol
1925 1769 2073 1821 nectit
2094 1767 2488 1834 cononifloribus
2506 1769 2619 1817 odo·

1334 1916 1510 1937 oenoe
1516 1915 1628 1937 ‘000
1636 1916 1691 1936 00

402 2009 626 2072 perducat
667 2011 782 2061 Pal.
810 2014 1057 2077 proeducot
1079 2015 1113 2066 J
1119 2029 1205 2066 un.
1226 2021 1470 2082 ιιι-464
1515 2018 1713 2083 pinguis
1748 2019 1876 2068 Vnt.
1915 2032 1995 2082 pr.
2037 2015 2202 2066 Oisel.
2246 2013 2467 2077 gramine
2478 1985 2619 2065 but.

405 2076 682 2126 conducted.
704 2077 879 2129 Parm.
917 2095 982 2128 ex
1020 2081 1346 2145 conjectura.
1394 2084 1541 2133 olivos
1562 2085 1894 2134 obeb—465
1941 2083 2171 2146 Scorpius
2194 2087 2299 2131 tres
2322 2079 2474 2129 Vatt.
2498 2078 2611 2129 Pal.

407 2140 560 2209 Earn.
586 2142 711 2194 Put.
733 2143 837 2193 duo
861 2145 1048 2196 Peter.
1085 2148 1216 2197 Exc.
1260 2149 1480 2200 Lucens.
1505 2165 1584 2212 pr.
1599 2150 1706 2199 -ed.
1729 2150 1905 2200 Parm.
1956 2148 2183 2211 Scorpion
2222 2144 2372 2197 Leid-
2396 2158 2478 2208 ΡΥ·
2496 2157 2622 2194 cum

410 2220 786 2335 ἃ..
821 2209 957 2325 ze·
986 2210 1290 2341 wei
1470 2216 1580 2330 &¹:-
1618 2214 1903 2344 ..mm
1924 2214 2159 2329 sm·
2193 2208 2624 2328 essedae

789 2310 803 2324 .
917 2310 932 2326 .
1137 2294 1184 2327 io
1227 2295 1255 2328 e
1318 2294 1647 2330 emensum
1880 2296 1904 2329 s
2001 2293 2221 2341 v.germ
2456 2308 2469 2324 .

405 2337 632 2396 gramina
655 2339 772 2387 Pal.
798 2340 941 2390 Prie.
983 2342 1129 2392 Rolt.
1169 2343 1350 2394 Ambr.
1375 2361 1453 2410 pr.
1483 2347 1705 2408 germina
1740 2346 1886 2396 Leid.
1911 2359 1991 2410 pr.
2015 2351 2070 2395 et
2097 2343 2278 2407 viginti
2302 2339 2470 2391 Codd.
2493 2336 2617 2390 Ald.

410 2401 536 2450 Exc.
563 2403 783 2453 Lucens.
808 2420 912 2455 sec.
935 2407 1060 2457 Var.
1083 2409 1187 2461 LL.
1212 2424 1242 2459 e
1266 2425 1431 2475 marg.
1455 2412 1631 2461 Parm.
1676 2412 1899 2474 gramina
1923 2411 2005 2459 vel
2023 2410 2245 2473 germino
2282 2407 2406 2455 Vat.
2433 2409 2626 2454 tert.—

408 2470 505 2515 466
556 2469 757 2519 oblatret
784 2471 960 2522 Ambr.
987 2488 1063 2536 pr.
1097 2475 1298 2525 oblatret
1336 2478 1531 2527 Mutet.
1555 2482 1821 2527 sem—46⁷
1856 2476 2021 2537 fassus
2058 2476 2255 2524 Mazar.
2289 2472 2437 2531 satur
2475 2469 2625 2520 Med.

412 2536 540 2581 tert.
566 2533 648 2584 ed.
671 2536 843 2585 Vicet.
879 2539 1023 2587 roseis
1046 2539 1170 2590 Put.
1202 2542 1379 2591 croceis
1386 2541 1528 2602 fatus
1548 2543 1675 2592 Lov.
1698 2543 1829 2593 Exc.
1854 2541 2077 2592 Gevart.
2111 2540 2366 2588 rutilantes
2386 2535 2469 2585 vel
2493 2536 2628 2584 redo·

409 2596 557 2646 lentes
576 2599 783 2663 legebat
808 2600 991 2652 Heius.
1025 2603 1219 2666 ignibus
1238 2607 1362 2657 Vat.
1386 2621 1467 2671 pr.
1491 2615 1547 2659 et
1571 2613 1696 2656 tert.
1723 2607 1838 2657 Pal.
1871 2607 2026 2656 Farn.
2055 2607 2201 2655 Rott.
2227 2603 2395 2653 Oisel.
2465 2600 2625 2649 oribus

409 2661 536 2712 LoV.
569 2666 776 2716 crinibus
797 2667 896 2718 inc.
921 2667 1102 2719 Heius.
1121 2671 1306 2736 finibus
1324 2672 1358 2723 J
1365 2687 1451 2721 un.
1477 2687 1557 2737 pr.
1578 2672 1751 2722 Oxou.
1777 2687 1882 2723 sec.
1905 2687 1971 2723 ιιι.
1995 2685 2073 2736 pr.
2097 2669 2200 2720 duo
2217 2670 2367 2718 Vatt.
2438 2666 2529 2716 ric.
2552 2680 2623 2714 m.

413 2739 494 2789 pr.
514 2728 660 2780 Med.
682 2737 803 2782 tert.
825 2734 949 2783 Put.
972 2735 1171 2787 Μαῖαν.
1196 2737 1318 2787 Pat.
1339 2737 1525 2788 Ambr.
1545 2752 1649 2787 sec.
1675 2738 1778 2788 duo
1795 2739 1978 2788 Petav.
1997 2738 2126 2787 Exc.
2148 2734 2348 2786 Schott.
2369 2734 2497 2781 Var.
2522 2731 2627 2782 LL.

411 2805 443 2840 e
468 2806 626 2859 marg.
650 2797 827 2849 Parni.
844 2799 1031 2864 finibus
1053 2809 1107 2850 et
1130 2803 1458 2865 emendatum
1480 2804 1691 2868 floribus
1714 2803 1862 2853 Leid.
1886 2818 1968 2866 pr.
1986 2801 2173 2869 finibus
2189 2801 2274 2850 vel
2293 2797 2486 2862 ignibus
2503 2797 2629 2846 Vnt.

413 2864 586 2919 quart.
620 2861 779 2911 hortos
801 2863 929 2914 Lov.
945 2866 1073 2915 Exc.
1092 2866 1314 2918 Gevart.
1348 2874 1506 2918 arctos
1529 2869 1655 2918 Put.
1673 2869 1794 2918 Pat.
1829 2874 1961 2917 ortus
1984 2869 2160 2917 Oxon.
2185 2881 2265 2929 pr.
2291 2865 2489 2914 Moret.
2511 2875 2619 2914 sec.

410 2921 536 2997 Vnt.
561 2931 680 2976 tert.
702 2928 818 2978 Pal.
841 2929 1003 2980 Oisel.
1039 2931 1266 2982 Florent.
1290 2949 1357 2983 m.
1381 2949 1464 2998 pr.
1490 2934 1637 2984 Med.
1673 2948 1751 2998 pr.
1777 2934 1913 2997 Reg.
1939 2934 2133 2984 Mazar-
2155 2932 2259 2980 duo
2281 2928 2628 2979 Ambra-468

409 2993 512 3037 unt
535 2989 814 3042 Pan—469
864 2994 1068 3045 Rivulus
1089 2997 1236 3046 Med.
1277 3013 1383 3048 sec.
1417 3000 1611 3061 exig-uis
1649 2999 1802 3048 Leid.
1841 3015 1921 3064 pr.
1957 3014 2027 3048 m.
2070 2999 2318 3061 pr.—‹1‘10
2373 2994 2483 3052 Qua
2503 2992 2634 3044 Pat.

400 3049 741 3116 fragrantibus
765 3059 890 3108 Lov.
916 3060 1020 3110 duo
1043 3062 1185 3112 Vatt.
1218 3063 1548 3127 flagrantibus
1585 3066 1707 3114 Vat.
1744 3080 1849 3115 sec.
1891 3071 1949 3114 et
1970 3070 2098 3114 tert.
2137 3062 2255 3111 Pal.
2289 3060 2448 3111 Farn.
2487 3056 2631 3109 Pric.

1406 3176 1629 3228 NOTAE

475 3273 574 3319 463
627 3269 870 3319 Phrixeus
931 3272 1097 3335 Aries]
1168 3273 1356 3324 Alutus
1421 3281 1479 3323 et

411 3346 609 3396 vellere
633 3360 792 3396 aureo
815 3347 1044 3412 insignis,
1079 3365 1229 3412 quem
1254 3351 1478 3400 Phrixus

1559 3275 1744 3323 dentes
1779 3274 1979 3324 Ultima
2017 3271 2286 3322 coelestum
2328 3276 2495 3320 terras
2537 3267 2635 3318 As·

1560 3356 1692 3400 traea
1715 3351 1954 3416 reliquit.’
2020 3349 2281 3399 Praesidet
2310 3347 2499 3411 partim
2525 3344 2633 3396 Au-

412 3421 743 3473 Athsmantis
788 3429 843 3472 et
882 3424 1146 3488 Nepheles
1184 3424 1340 3488 filius,
1381 3427 1479 3476 Ino

412 3514 684 3550 novercam
702 3499 924 3565 fugiens,
935 3503 1236 3552 conscendit
1248 3518 1314 3552 ex
1326 3505 1483 3554 Thes-

415 3576 543 3625 salia
564 3577 617 3625 in
641 3576 941 3627 Colchidem
964 3578 1150 3629 iturus.
1216 3581 1481 3631 Praesidet

413 3653 579 3702 mensi
599 3653 815 3716 Martio,
853 3669 954 3719 quo
976 3661 1133 3717 terra,
1166 3671 1266 3706 ceu
1287 3657 1483 3707 vellere

374 3780 381 3787 ,
413 3730 631 3796 quodam
658 3731 954 3795 herbarum,
977 3733 1158 3782 vestiri
1181 3733 1384 3797 incipit.

477 3811 573 3856 465
609 3807 849 3871 Scorpios]
884 3808 1137 3859 Devictus
1159 3811 1224 3860 ab
1258 3810 1482 3861 Orione.

415 3883 678 3934 Praesidet
718 3885 904 3949 partim
943 3885 1166 3936 Octobri
1203 3893 1258 3937 et
1292 3888 1483 3952 partim

416 3960 721 4019 Novembri,
762 3977 864 4026 quo
888 3969 1125 4027 tempore
1161 3961 1326 4029 frigus
1352 3981 1483 4030 pun-

417 4052 540 4102 gere
563 4038 763 4102 incipit.

489 4115 661 4180 Virgo]
696 4118 772 4166 Ea
808 4124 889 4166 est
919 4118 1147 4183 Erigone
1181 4119 1321 4168 Icari
1356 4118 1483 4184 filia,

414 4194 467 4242 in
494 4195 626 4244 coelo
650 4196 903 4245 collocata
935 4197 1002 4245 ob
1035 4197 1290 4261 insignem
1319 4198 1485 4262 pieta-

417 4276 556 4320 tem:
607 4272 689 4320 vel
730 4278 813 4322 est
851 4271 1081 4335 Astraea,
1118 4287 1209 4322 seu
1244 4263 1485 4336 Justiti'a,

419 4363 533 4412 quae
568 4348 779 4415 quidem
815 4363 882 4399 ex
905 4349 1134 4401 Ovidio:
1169 4351 1185 4381 ‘
1211 4352 1356 4403 caede
1379 4367 1486 4403 ma·

1559 3433 1711 3490 gusto
1733 3434 1790 3476 et
1811 3427 2001 3491 partim
2022 3425 2338 3491 Septembri,
2380 3423 2471 3489 qui
2492 3436 2633 3473 men-

1562 3518 1662 3566 ses,
1682 3503 1913 3567 Virginis
1937 3505 2120 3567 instar,
2142 3502 2267 3551 nihil
2292 3500 2515 3565 amplius
2540 3514 2633 3565 pa·

1560 3580 1719 3630 riunt.

1623 3660 1723 3706 466
1756 3655 1938 3719 Sirius]
1973 3656 2225 3706 Canicula
2241 3655 2403 3719 Icari,
2421 3653 2631 3704 nomine

1562 3735 1736 3796 Mera,
1757 3734 1809 3782 in
1833 3735 1978 3799 signo
2002 3734 2208 3795 Leonis,
2222 3748 2336 3798 quae
2356 3747 2421 3781 ex
2441 3730 2636 3782 veteri·

1562 3808 1659 3860 bus
1705 3811 1930 3860 calorem
1981 3810 2244 3874 geminare
2305 3809 2634 3860 credebatur.

1564 3889 1686 3939 Alia
1708 3898 1789 3955 est
1810 3890 2163 3940 recentiorum
2186 3889 2383 3954 opinio.

1628 3971 1723 4017 467
1764 3966 1967 4030 Hortos]
2016 3966 2125 4016 Soli
2164 3966 2382 4030 regiam,
2432 3967 2638 4027 hortos,

1563 4058 1790 4107 mensas,
1830 4058 2008 4109 equos,
2070 4052 2261 4108 pecora
2314 4041 2498 4092 Poetae
2541 4041 2637 4091 tri-

1563 4120 1746 4170 buunt.

1630 4200 1729 4247 469
1763 4196 2002 4260 Iri-iguis]
2036 4195 2259 4260 Irriguae
2294 4201 2416 4249 sunt
2435 4191 2637 4257 herbae,

1567 4274 1662 4325 sed
1682 4275 1829 4339 larga
1850 4275 1991 4337 luce,
2017 4288 2122 4326 non
2145 4274 2311 4341 aquis.
