2925 4928
945 425 1042 472 DE
1090 425 1202 472 111.
1253 422 1461 472 cons,
1513 426 1794 477 HoNoR.
2344 415 2476 481 219

263 571 767 656 Ingrediturque
798 570 1067 654 globum
1096 572 1329 651 Lunae,
1361 573 1692 658 limenque
1718 573 2032 658 relinquit

252 674 594 753 ArcadOS,
624 681 691 740 et
715 674 997 739 Veneris
1023 676 1374 739 clementes
1402 675 1676 739 advolat
1707 695 1925 741 auras,

254 777 448 870 Hinc
479 777 723 843 Phoebi
748 797 1130 862 permensus
1161 779 1305 854 iter,
1334 777 1805 861 flammamque
1836 785 2189 851 nocentem

254 878 574 960 Gradivi,
605 880 1077 965 placidumque
1105 879 1151 947 J
1154 901 1370 958 ovem,
1402 881 1587 945 stetit
1616 900 1767 945 arce
1798 900 2132 963 suprema,

249 980 533 1065 Algenti
558 1003 692 1068 qua
721 1003 895 1046 zona
918 983 1089 1065 riget
1120 983 1431 1047 Saturnia
1453 986 1686 1047 tractu.

252 1084 591 1151 Machina
617 1087 883 1150 laxatur
912 1085 1089 1162 coeli,
1116 1085 1470 1170 rutilaeque
1502 1090 1854 1169 patescunt

244 1187 519 1271 Sponte
546 1187 755 1253 fores:
801 1184 1056 1251 Arctoa
1083 1192 1279 1271 parat
1304 1204 1608 1251 convexa
1638 1187 1932 1253 Bootes:

2344 679 2476 743 165

2346 1188 2477 1254 170

239 1369 333 1417 vit
354 1368 511 1418 o'e'rem
531 1369 695 1418 semita
715 1371 862 1429 claro,
893 1375 941 1419 et
977 1369 1129 1418 intrat
1168 1367 1325 1418 orbem
1362 1368 1533 1430 Luna»,
1564 1384 1619 1418 ac
1651 1371 1825 1419 deserit
1856 1371 2143 1422 domicilium
2175 1370 2398 1429 Arcadis,
2430 1372 2480 1420 et

237 1435 456 1483 advenit
489 1436 548 1482 ad
578 1434 693 1483 mile
712 1435 842 1483 sidus
884 1434 1091 1484 Veneris.
1159 1434 1277 1482 Inde
1315 1439 1637 1495 transgressus
1672 1436 1800 1484 ciam
1839 1435 1981 1498 Solis,
2016 1442 2063 1486 et
2097 1437 2258 1498 ignem
2290 1439 2479 1484 damno-

237 1514 363 1547 sum
386 1501 584 1558 Martie,
603 1515 658 1548 ac
688 1496 854 1548 Jovem
892 1501 1071 1560 mitem
1092 1499 1306 1549 consistit
1344 1499 1395 1547 in
1427 1497 1555 1547 Coelo
1592 1499 1707 1562 alto,
1746 1516 1842 1563 quo
1879 1507 2025 1564 parte
2059 1501 2259 1550 circulus
2279 1498 2479 1549 Saturni

237 1570 505 1613 concretus
525 1569 595 1613 est
629 1565 680 1614 in
709 1565 903 1626 regione
922 1564 1135 1626 frigida.
1204 1565 1358 1613 Moles
1398 1564 1518 1612 Coeli
1556 1565 1791 1626 aperitur,
1831 1571 1877 1614 et
1904 1567 2071 1628 jauuoe
2108 1569 2333 1615 micantes
2360 1580 2480 1628 pau·

236 1632 443 1678 duntur
484 1631 624 1679 ultro.
690 1630 867 1679 Bootes
898 1634 1140 1694 proeparat
1180 1628 1527 1678 convexitatem
1565 1628 1999 1694 Septemtrionolem
2019 1647 2035 1679 .·
2083 1632 2234 1681 Orion
2269 1636 2480 1680 umatus

1191 1764 1548 1784 OOOOOOOOOO

236 1869 514 1930 pre-164
545 1865 770 1928 limenque
809 1864 1058 1914 tredecim
1096 1863 1265 1914 Codd.
1305 1864 1436 1913 Exe.
1478 1864 1695 1914 Gevart.
1731 1865 1949 1913 Lucem.
1989 1864 2242 1914 see.Var.
2263 1864 2368 1912 LL.
2394 1862 2479 1913 ed.

236 1930 426 1980 Amv.
470 1937 525 1979 et
562 1931 734 1979 Parm.
770 1931 896 1980 item
931 1929 1054 1979 Ald.
1112 1931 1355 1992 lumenque
1379 1936 1598 1993 quatuor
1633 1929 1753 1978 Vat.
1784 1930 1897 1979 Pal.
1934 1931 2087 1978 Farn.
2111 1929 2253 1978 Prie.
2278 1936 2333 1977 et
2352 1928 2477 1977 Vat.

236 1996 433 2045 Livio.
470 1996 618 2044 lumen
641 1996 723 2044 vel
748 1996 889 2044 limen
914 1995 1082 2044 Oxou.
1107 2009 1212 2045 see.
1257 1995 1480 2057 relinquit
1505 1995 1710 2058 plurimi
1730 1993 1896 2044 Codd.
1921 1996 2052 2043 Exc.
2078 1995 2230 2056 Laeti,
2253 1994 2483 2043 Lucens-

239 2074 370 2110 sec.
394 2068 451 2110 et
475 2060 555 2110 ed.
578 2060 909 2109 Vicet.—-165
933 2060 1148 2110 Arcados
1169 2060 1359 2109 Moret.
1377 2074 1458 2123 pr.
1481 2060 1669 2110 Petav,
1687 2075 1766 2122 pr.
1784 2061 1907 2108 ‘rtem
1933 2059 2078 2108 Leid.
2103 2061 2235 2108 Exc.
2258 2059 2479 2107 Lucens.

238 2140 340 2189 pr.
400 2126 611 2177 Arcades
633 2125 777 2176 Med.
802 2140 882 2189 pr.
933 2127 1137 2174 Arcadis
1175 2125 1355 2173 decem
1393 2124 1493 2173 alii.
1543 2128 1755 2188 pervolat
1792 2134 2015 2188 quatuor
2048 2124 2170 2173 Vat.
2207 2124 2323 2174 Pal.
2348 2124 2477 2173 Lov.

237 2190 763 2309 3232?ssssss
768 2191 882 2305 ³1⁸2}ss
917 2190 2483 2318 2¹53&ss}F÷22‘¹¹1‘,231{‚⁸²22r¹³15tssffigmar-‘ssmtziz

239 2323 394 2371 Lov-
419 2336 491 2370 m.
515 2336 591 2383 pr.
616 2319 739 2369 Ald.
765 2328 821 2370 et
861 2321 923 2370 al.
959 2321 1079 2370 edd.
1106 2321 1223 2385 „alus
1245 2321 1365 2368 Var.
1390 2321 1498 2370 LL.
1523 2322 1606 2368 ed.
1647 2320 1802 2369 AntV.
1851 2321 1952 2369 alae
1975 2320 2055 2369 vel
2078 2334 2222 2368 auras
2242 2318 2323 2366 vel
2351 2321 2484 2368 aulas

242 2388 501 2437 Florent.
550 2388 822 2435 clementem
841 2400 1005 2435 auram
1029 2386 1319 2434 Pat.-166
1353 2386 1489 2433 Hinc
1507 2400 1776 2448 permensus
1796 2386 1891 2435 iter
1915 2384 2082 2433 Phoebi
2105 2385 2206 2433 inc.
2232 2384 2483 2433 Heins—

241 2456 359 2502 167
399 2451 661 2501 Gradivum
682 2452 806 2502 Vat.
831 2457 955 2501 tert.
982 2452 1129 2501 Rott.
1156 2452 1387 2500 Floreut.
1413 2450 1562 2500 Med.
1585 2467 1690 2501 sec.
1716 2467 1784 2500 ιιι.
1806 2466 1886 2514 pr.
1940 2450 2207 2514 placidique
2225 2449 2350 2499 Var.
2375 2449 2480 2498 LL.

243 2517 350 2567 ed.
376 2516 536 2566 Antv.
590 2532 855 2580 supremum
878 2517 995 2566 Pal.
1017 2517 1165 2567 Med.
1195 2532 1275 2579 pr.
1331 2530 1534 2580 superna
1552 2518 1631 2565 vel
1655 2532 1871 2580 suprema
1894 2515 2067 2566 Oxou.
2092 2518 2361 2565 sem—168
2394 2529 2484 2576 quo

243 2582 412 2632 Med.
435 2597 517 2645 pr.
572 2597 664 2644 qua
684 2583 805 2633 Jun.
827 2597 907 2646 pr.
943 2582 1117 2631 Oxon.
1145 2597 1227 2644 pr.
1258 2582 1384 2630 item
1417 2581 1565 2630 Leid.
1616 2598 1706 2646 quo
1745 2581 1829 2630 vel
1864 2597 1956 2645 quo
1994 2581 2168 2630 Oxon.
2204 2594 2309 2628 sec.
2361 2580 2486 2627 uitet

246 2649 371 2697 duo
389 2647 516 2696 Vat.
548 2648 737 2696 Petav.
762 2662 842 2711 pr.
866 2647 1014 2696 Leid.
1070 2647 1206 2695 rubet
1239 2647 1386 2696 Med.
1410 2662 1514 2697 sec.
1538 2662 1607 2697 ιιι.
1632 2662 1709 2710 pr.
1766 2647 1901 2695 rubet
1923 2646 2003 2695 vel
2027 2649 2154 2708 riget
2179 2644 2352 2693 Oxou.
2375 2658 2483 2692 sec.

246 2716 432 2762 -170
464 2728 633 2761 arcano
647 2717 781 2776 petat
804 2712 930 2776 Var.
952 2711 1055 2762 LL.
1079 2712 1162 2762 ed.
1187 2709 1347 2762 Anw.
1371 2727 1438 2763 m.
1477 2726 1554 2776 pr.
1599 2717 1741 2776 Pavet
1775 2712 1918 2762 Med.
1960 2717 2082 2762 tert.
2137 2712 2318 2759 devexo
2359 2709 2485 2759 Put.

1268 2890 1481 2943 NorAE
1511 2863 1522 2874 ’

324 3014 430 3060 164
469 3009 674 3058 Globum
714 3009 886 3073 Lunae]
936 3008 1072 3062 Quia
1112 3007 1335 3072 primum

251 3089 426 3138 Lunae
446 3086 644 3136 Coelum
665 3085 1031 3149 trajiciendum
1049 3091 1130 3134 est
1149 3084 1204 3133 in
1222 3085 1334 3133 Coe-

250 3166 369 3213 lum
399 3165 554 3213 ituro.

323 3240 501 3288 Limen
522 3238 757 3301 Arcados]
804 3236 1139 3287 Domicilium
1174 3236 1336 3286 Arca-

254 3315 365 3380 dis,
386 3317 437 3363 in
460 3316 870 3379 septemtrione.
910 3315 1015 3364 Hic
1034 3312 1200 3364 Arcas
1224 3322 1339 3363 erat

254 3394 401 3443 filius
438 3394 685 3455 Calistus,
723 3408 785 3442 ac
829 3408 947 3441 cum
992 3406 1106 3441 eam
1148 3393 1335 3441 Ursam

257 3469 458 3520 factam
497 3471 679 3533 jaculo
722 3476 906 3533 petere
962 3476 1191 3534 pararet,
1234 3484 1336 3518 uua

258 3545 382 3595 cum
406 3554 576 3596 matre
612 3547 665 3595 in
701 3547 900 3596 Coelum
923 3554 1103 3611 raptus
1126 3554 1241 3596 est:
1279 3553 1335 3596 et

257 3623 354 3672 illa
386 3624 438 3673 iu
479 3625 664 3675 Ursam
703 3625 951 3687 majorem
990 3639 1081 3674 seu
1112 3625 1334 3673 Helicen

259 3698 631 3749 transformata
680 3693 782 3764 est,
836 3701 919 3750 hic
963 3702 1015 3749 in
1069 3700 1339 3762 minorem,

259 3791 355 3825 seu
390 3777 747 3841 Cynosuram:
804 3775 1207 3838 {Alnnsdicitun
1244 3774 1338 3824 ἀπὸ

260 3854 353 3901 τοῦ
374 3852 655 3902 ἑλίσσεσθαι
676 3850 784 3917 περὶ
805 3852 891 3902 τὸν
921 3851 1088 3915 πόλον,
1108 3856 1227 3917 quod
1243 3855 1337 3901 vol-

257 3937 402 3981 vatur
413 3935 543 3983 circa
566 3934 767 3982 Polum:
804 3934 1088 3996 Cynosura,
1110 3936 1229 3996 quia
1254 3939 1335 3981 est

260 4007 331 4056 ad
353 4012 572 4058 caudam
600 4010 773 4071 CaniS,
810 4025 901 4058 seu
942 4011 1109 4071 Ursae,
1133 4011 1336 4058 scilicet

264 4085 503 4148 majoris:
556 4084 700 4148 κύων,
736 4085 889 4150 κυνὸς,
918 4089 1068 4148 canis,
1110 4095 1167 4135 et
1204 4084 1335 4150 οὐρὰ,

264 4165 428 4211 cauda.

335 4242 424 4289 165
454 4238 678 4302 Veneris]
712 4238 912 4290 Alludit
930 4238 1068 4289 forte
1087 4239 1149 4288 ad
1169 4240 1332 4289 Num-

269 4326 424 4380 mum,
443 4314 498 4365 in
519 4330 625 4382 quo
642 4313 808 4367 infans
831 4317 1064 4384 sculptus
1085 4322 1199 4367 erat
1215 4330 1330 4381 sep-

1416 3015 1524 3058 tem
1549 3007 1783 3058 Planetis
1805 3007 2171 3057 circumdatus.

1484 3089 1578 3134 166
1613 3085 1965 3147 Flammamque
1994 3087 2230 3132 nocentem
2256 3080 2488 3144 Gradivi]

1415 3163 1693 3211 Planetam
1739 3160 2007 3210 ardentem
2042 3159 2261 3219 Mai-tin
2295 3158 2486 3209 Plane-

1417 3246 1522 3289 tam
1549 3239 1791 3288 blandum
1816 3238 1982 3289 Jovis.

1485 3320 1579 3365 167
1617 3317 1762 3379 Arce]
1794 3312 1951 3363 Coeli:
1987 3326 2080 3360 arx
2117 3310 2250 3360 enim
2273 3311 2484 3374 ponitur

1419 3409 1516 3457 pro
1540 3393 1693 3457 apice
1713 3401 1801 3442 aut
1824 3390 2047 3453 fastigio.

1487 3475 1581 3520 170
1613 3469 1818 3531 Arctoa]
1841 3467 2061 3532 Ἄρκτος,
2107 3466 2248 3527 Ursa,
2281 3464 2483 3528 signum

1415 3546 1872 3612 Septemtrionale‚
1884 3544 2019 3595 unde
2029 3542 2234 3594 Arctous
2247 3556 2340 3605 pro
2357 3541 2487 3605 Sep-

1415 3626 1733 3674 temtrionali
1756 3623 1983 3687 ponitur.

1483 3703 1680 3766 Bootes]
1711 3700 1915 3760 Βοώτης,
1934 3698 2171 3758 bubulcus,
2188 3712 2217 3745 a
2238 3696 2370 3757 βοῦς,
2388 3695 2486 3757 boe,

1417 3785 1474 3828 et
1512 3776 1654 3840 ὣθέῳ,
1685 3779 1844 3839 trudo,
1874 3776 2009 3840 pello.
2074 3774 2178 3823 Sed
2219 3780 2275 3821 et
2298 3773 2486 3821 Booten

1416 3855 1661 3904 dixerunt
1683 3854 1833 3903 Sidus
1846 3852 2061 3902 coeleste
2086 3852 2371 3914 proximum
2387 3851 2487 3899 Ur-

1417 3948 1511 3994 sae,
1548 3946 1698 3996 quam
1740 3931 1933 3993 antiqui
1974 3926 2154 3991 ἄμαξαν
2179 3930 2288 3978 sive
2314 3930 2484 3977 Plaus-

1415 4015 1542 4059 trum
1565 4011 1841 4071 vocabant,
1857 4011 2112 4072 sellasqne
2131 4009 2259 4057 duas
2276 4005 2485 4071 parileS,
2523 4051 2534 4061 ,

1415 4088 1637 4136 maxime
1656 4088 1771 4135 loco
1786 4087 2105 4149 conjunctas,
2123 4100 2220 4148 pro
2236 4083 2395 4133 bobus
2414 4097 2482 4131 ex

1419 4164 1653 4226 Hygino,
1676 4164 1897 4227 reliquas
1921 4165 2142 4227 quinque
2182 4175 2276 4224 pro
2301 4159 2484 4210 Plaus-

1413 4246 1498 4290 tro
1521 4239 1797 4290 habebant.
1861 4239 1965 4289 Sed
2008 4243 2278 4303 postquam
2298 4233 2483 4285 Astro-

1411 4315 1517 4382 logi
1542 4315 1851 4373 ‚Plaustrum
1888 4315 2055 4366 stellis
2088 4317 2365 4376 auxerunt,
2403 4311 2482 4362 sic
