<?xml version="1.0" encoding="UTF-8"?>
<!DOCTYPE html PUBLIC "-//W3C//DTD XHTML 1.0 Transitional//EN"
    "http://www.w3.org/TR/xhtml1/DTD/xhtml1-transitional.dtd">
<html xmlns="http://www.w3.org/1999/xhtml" xml:lang="en" lang="en">
 <head>
  <title>
</title>
<meta http-equiv="Content-Type" content="text/html;charset=utf-8" />
  <meta name='ocr-system' content='tesseract 3.04.00' />
  <meta name='ocr-capabilities' content='ocr_page ocr_carea ocr_par ocr_line ocrx_word'/>
</head>
<body>
  <div class='ocr_page' id='page_1' title='image "./operaomniavolum00claugoog/operaomniavolum00claugoog_0448.png"; bbox 0 0 2925 4928; ppageno 0'>
   <div class='ocr_carea' id='block_1_1' title="bbox 471 381 1988 452">
    <p class='ocr_par' dir='ltr' id='par_1_1' title="bbox 471 381 1988 452">
     <span class='ocr_line' id='line_1_1' title="bbox 471 381 1988 452; baseline -0.001 0"><span class='ocrx_word' id='word_1_1' title='bbox 471 381 604 452; x_wconf 73' lang='lat'>430</span> <span class='ocrx_word' id='word_1_2' title='bbox 1149 402 1265 451; x_wconf 63' lang='lat' dir='ltr'>cr„</span> <span class='ocrx_word' id='word_1_3' title='bbox 1314 400 1509 450; x_wconf 66' lang='lat' dir='ltr'>cmv</span> <span class='ocrx_word' id='word_1_4' title='bbox 1527 401 1743 450; x_wconf 60' lang='lat' dir='ltr'>mam</span> <span class='ocrx_word' id='word_1_5' title='bbox 1792 400 1988 451; x_wconf 85' lang='lat' dir='ltr'>xv11.</span> 
     </span>
    </p>
   </div>
   <div class='ocr_carea' id='block_1_2' title="bbox 469 548 2277 1355">
    <p class='ocr_par' dir='ltr' id='par_1_2' title="bbox 469 548 2277 1355">
     <span class='ocr_line' id='line_1_2' title="bbox 474 548 1997 626; baseline -0.002 -12"><span class='ocrx_word' id='word_1_6' title='bbox 474 548 739 626; x_wconf 82' lang='lat' dir='ltr'>SuetuS,</span> <span class='ocrx_word' id='word_1_7' title='bbox 772 553 840 614; x_wconf 90' lang='lat' dir='ltr'>et</span> <span class='ocrx_word' id='word_1_8' title='bbox 866 551 1119 614; x_wconf 88' lang='lat' dir='ltr'>alterno</span> <span class='ocrx_word' id='word_1_9' title='bbox 1147 565 1378 613; x_wconf 82' lang='lat' dir='ltr'>verum</span> <span class='ocrx_word' id='word_1_10' title='bbox 1408 552 1762 612; x_wconf 83' lang='lat' dir='ltr'>contexere</span> <span class='ocrx_word' id='word_1_11' title='bbox 1790 548 1997 613; x_wconf 82' lang='lat' dir='ltr'>node.</span> 
     </span>
     <span class='ocr_line' id='line_1_3' title="bbox 474 650 2277 738; baseline 0.001 -22"><span class='ocrx_word' id='word_1_12' title='bbox 474 650 817 736; x_wconf 82' lang='lat' dir='ltr'>Quicquid</span> <span class='ocrx_word' id='word_1_13' title='bbox 847 651 1196 718; x_wconf 88' lang='lat' dir='ltr'>Socratico</span> <span class='ocrx_word' id='word_1_14' title='bbox 1224 652 1523 716; x_wconf 87' lang='lat' dir='ltr'>manavit</span> <span class='ocrx_word' id='word_1_15' title='bbox 1551 653 1637 716; x_wconf 84' lang='lat' dir='ltr'>ab</span> <span class='ocrx_word' id='word_1_16' title='bbox 1667 652 1917 731; x_wconf 86' lang='lat' dir='ltr'>ordine,</span> <span class='ocrx_word' id='word_1_17' title='bbox 1947 652 2277 738; x_wconf 87' lang='lat' dir='ltr'>quicquid</span> 
     </span>
     <span class='ocr_line' id='line_1_4' title="bbox 474 753 1964 834; baseline -0.001 -13"><span class='ocrx_word' id='word_1_18' title='bbox 474 753 700 821; x_wconf 86' lang='lat' dir='ltr'>Docta</span> <span class='ocrx_word' id='word_1_19' title='bbox 727 753 1104 821; x_wconf 82' lang='lat' dir='ltr'>Cleantheae</span> <span class='ocrx_word' id='word_1_20' title='bbox 1134 759 1495 820; x_wconf 87' lang='lat' dir='ltr'>sonuerunt</span> <span class='ocrx_word' id='word_1_21' title='bbox 1524 755 1698 819; x_wconf 86' lang='lat' dir='ltr'>atria</span> <span class='ocrx_word' id='word_1_22' title='bbox 1724 757 1964 834; x_wconf 83' lang='lat' dir='ltr'>tnrbae,</span> 
     </span>
     <span class='ocr_line' id='line_1_5' title="bbox 474 856 2230 943; baseline 0.001 -21"><span class='ocrx_word' id='word_1_23' title='bbox 474 856 814 924; x_wconf 86' lang='lat' dir='ltr'>Inventum</span> <span class='ocrx_word' id='word_1_24' title='bbox 846 858 1312 943; x_wconf 88' lang='lat' dir='ltr'>quodcumque</span> <span class='ocrx_word' id='word_1_25' title='bbox 1339 861 1476 935; x_wconf 90' lang='lat' dir='ltr'>tuo,</span> <span class='ocrx_word' id='word_1_26' title='bbox 1506 857 1743 942; x_wconf 88' lang='lat' dir='ltr'>Chrysi</span> <span class='ocrx_word' id='word_1_27' title='bbox 1748 878 1903 943; x_wconf 89' lang='lat' dir='ltr'>ppe,</span> <span class='ocrx_word' id='word_1_28' title='bbox 1930 879 2230 938; x_wconf 88' lang='lat' dir='ltr'>recessu,</span> 
     </span>
     <span class='ocr_line' id='line_1_6' title="bbox 472 958 2119 1049; baseline 0.002 -25"><span class='ocrx_word' id='word_1_29' title='bbox 472 958 819 1049; x_wconf 82' lang='lat' dir='ltr'><strong>Quicquid</strong></span> <span class='ocrx_word' id='word_1_30' title='bbox 849 961 1271 1026; x_wconf 86' lang='lat' dir='ltr'>Democritus</span> <span class='ocrx_word' id='word_1_31' title='bbox 1300 960 1474 1038; x_wconf 88' lang='lat' dir='ltr'>risit,</span> <span class='ocrx_word' id='word_1_32' title='bbox 1508 960 1810 1043; x_wconf 79' lang='lat' dir='ltr'>dixitque</span> <span class='ocrx_word' id='word_1_33' title='bbox 1836 963 2119 1027; x_wconf 86' lang='lat' dir='ltr'>tacendo</span> 
     </span>
     <span class='ocr_line' id='line_1_7' title="bbox 469 1063 2075 1150; baseline 0.002 -22"><span class='ocrx_word' id='word_1_34' title='bbox 469 1063 911 1150; x_wconf 79' lang='lat' dir='ltr'>PythagoraS,</span> <span class='ocrx_word' id='word_1_35' title='bbox 941 1084 1070 1129; x_wconf 91' lang='lat' dir='ltr'>uno</span> <span class='ocrx_word' id='word_1_36' title='bbox 1102 1084 1174 1129; x_wconf 88' lang='lat' dir='ltr'>se</span> <span class='ocrx_word' id='word_1_37' title='bbox 1201 1070 1470 1148; x_wconf 87' lang='lat' dir='ltr'>pectore</span> <span class='ocrx_word' id='word_1_38' title='bbox 1502 1070 1747 1129; x_wconf 84' lang='lat' dir='ltr'>cuncta</span> <span class='ocrx_word' id='word_1_39' title='bbox 1775 1070 2075 1131; x_wconf 82' lang='lat' dir='ltr'>vetustas</span> 
     </span>
     <span class='ocr_line' id='line_1_8' title="bbox 474 1165 1946 1251; baseline 0.003 -21"><span class='ocrx_word' id='word_1_40' title='bbox 474 1165 807 1247; x_wconf 84' lang='lat' dir='ltr'>Condidit,</span> <span class='ocrx_word' id='word_1_41' title='bbox 835 1174 899 1233; x_wconf 91' lang='lat' dir='ltr'>et</span> <span class='ocrx_word' id='word_1_42' title='bbox 919 1168 1134 1251; x_wconf 89' lang='lat' dir='ltr'>major</span> <span class='ocrx_word' id='word_1_43' title='bbox 1161 1168 1479 1233; x_wconf 83' lang='lat' dir='ltr'>collectis·</span> <span class='ocrx_word' id='word_1_44' title='bbox 1495 1168 1751 1244; x_wconf 85' lang='lat' dir='ltr'>viribus</span> <span class='ocrx_word' id='word_1_45' title='bbox 1778 1170 1946 1236; x_wconf 75' lang='lat' dir='ltr'>exit.</span> 
     </span>
     <span class='ocr_line' id='line_1_9' title="bbox 475 1268 1907 1355; baseline 0.003 -22"><span class='ocrx_word' id='word_1_46' title='bbox 475 1268 806 1336; x_wconf 84' lang='lat' dir='ltr'>Ornantur</span> <span class='ocrx_word' id='word_1_47' title='bbox 833 1275 1108 1350; x_wconf 78' lang='lat' dir='ltr'>vetereS,</span> <span class='ocrx_word' id='word_1_48' title='bbox 1140 1276 1206 1335; x_wconf 91' lang='lat' dir='ltr'>et</span> <span class='ocrx_word' id='word_1_49' title='bbox 1232 1270 1556 1335; x_wconf 90' lang='lat' dir='ltr'>nobiliore</span> <span class='ocrx_word' id='word_1_50' title='bbox 1580 1272 1907 1355; x_wconf 89' lang='lat' dir='ltr'>magistro</span> 
     </span>
    </p>
   </div>
   <div class='ocr_carea' id='block_1_3' title="bbox 468 1453 2694 1783">
    <p class='ocr_par' dir='ltr' id='par_1_3' title="bbox 468 1453 2694 1783">
     <span class='ocr_line' id='line_1_10' title="bbox 470 1453 2687 1522; baseline 0.002 -20"><span class='ocrx_word' id='word_1_51' title='bbox 470 1455 716 1505; x_wconf 78' lang='lat' dir='ltr'>veritatem</span> <span class='ocrx_word' id='word_1_52' title='bbox 736 1455 880 1504; x_wconf 84' lang='lat' dir='ltr'>sertis</span> <span class='ocrx_word' id='word_1_53' title='bbox 914 1453 1112 1506; x_wconf 89' lang='lat' dir='ltr'>florum.</span> <span class='ocrx_word' id='word_1_54' title='bbox 1176 1454 1389 1506; x_wconf 82' lang='lat' dir='ltr'>Scilicet</span> <span class='ocrx_word' id='word_1_55' title='bbox 1408 1456 1630 1521; x_wconf 78' lang='lat' dir='ltr'>quicquid</span> <span class='ocrx_word' id='word_1_56' title='bbox 1658 1456 1816 1521; x_wconf 78' lang='lat' dir='ltr'>fluxit</span> <span class='ocrx_word' id='word_1_57' title='bbox 1839 1457 1899 1507; x_wconf 82' lang='lat' dir='ltr'>ab</span> <span class='ocrx_word' id='word_1_58' title='bbox 1935 1457 2176 1508; x_wconf 79' lang='lat' dir='ltr'>institutis</span> <span class='ocrx_word' id='word_1_59' title='bbox 2210 1457 2444 1520; x_wconf 77' lang='lat' dir='ltr'>Socratis,</span> <span class='ocrx_word' id='word_1_60' title='bbox 2466 1456 2687 1522; x_wconf 77' lang='lat' dir='ltr'>quicquid</span> 
     </span>
     <span class='ocr_line' id='line_1_11' title="bbox 469 1520 2686 1587; baseline 0.001 -19"><span class='ocrx_word' id='word_1_61' title='bbox 469 1520 628 1569; x_wconf 75' lang='lat' dir='ltr'>schola</span> <span class='ocrx_word' id='word_1_62' title='bbox 647 1520 834 1571; x_wconf 63' lang='lat' dir='ltr'>audito</span> <span class='ocrx_word' id='word_1_63' title='bbox 854 1526 1000 1570; x_wconf 79' lang='lat' dir='ltr'>eoetus</span> <span class='ocrx_word' id='word_1_64' title='bbox 1034 1522 1278 1572; x_wconf 75' lang='lat' dir='ltr'>Cleanthei</span> <span class='ocrx_word' id='word_1_65' title='bbox 1311 1521 1469 1571; x_wconf 83' lang='lat' dir='ltr'>emisit</span> <span class='ocrx_word' id='word_1_66' title='bbox 1483 1539 1500 1571; x_wconf 87' lang='grc'>.·</span> <span class='ocrx_word' id='word_1_67' title='bbox 1548 1523 1655 1586; x_wconf 78' lang='lat' dir='ltr'>quic</span> <span class='ocrx_word' id='word_1_68' title='bbox 1687 1525 1769 1572; x_wconf 79' lang='lat' dir='ltr'>uid</span> <span class='ocrx_word' id='word_1_69' title='bbox 1789 1524 2112 1587; x_wconf 75' lang='lat' dir='ltr'>excogitatum</span> <span class='ocrx_word' id='word_1_70' title='bbox 2133 1529 2225 1586; x_wconf 81' lang='lat' dir='ltr'>est,</span> <span class='ocrx_word' id='word_1_71' title='bbox 2245 1538 2276 1573; x_wconf 91' lang='lat' dir='ltr'>o</span> <span class='ocrx_word' id='word_1_72' title='bbox 2305 1524 2591 1587; x_wconf 70' lang='lat' dir='ltr'>Chrysippo,</span> <span class='ocrx_word' id='word_1_73' title='bbox 2628 1523 2686 1572; x_wconf 87' lang='lat' dir='ltr'>in</span> 
     </span>
     <span class='ocr_line' id='line_1_12' title="bbox 468 1587 2694 1653; baseline 0.001 -18"><span class='ocrx_word' id='word_1_74' title='bbox 468 1599 645 1635; x_wconf 77' lang='lat' dir='ltr'>secessu</span> <span class='ocrx_word' id='word_1_75' title='bbox 666 1591 771 1635; x_wconf 81' lang='lat' dir='ltr'>tuo.-</span> <span class='ocrx_word' id='word_1_76' title='bbox 827 1587 1045 1650; x_wconf 77' lang='lat' dir='ltr'>quicquid</span> <span class='ocrx_word' id='word_1_77' title='bbox 1083 1587 1383 1638; x_wconf 69' lang='lat' dir='ltr'>Democritus</span> <span class='ocrx_word' id='word_1_78' title='bbox 1418 1589 1613 1637; x_wconf 80' lang='lat' dir='ltr'>ridendo</span> <span class='ocrx_word' id='word_1_79' title='bbox 1684 1589 1799 1650; x_wconf 83' lang='lat' dir='ltr'>ixit,</span> <span class='ocrx_word' id='word_1_80' title='bbox 1833 1594 1880 1638; x_wconf 85' lang='lat' dir='ltr'>et</span> <span class='ocrx_word' id='word_1_81' title='bbox 1916 1589 2220 1653; x_wconf 74' lang='lat' dir='ltr'>Pythagoras</span> <span class='ocrx_word' id='word_1_82' title='bbox 2259 1590 2442 1639; x_wconf 77' lang='lat' dir='ltr'>edocuit</span> <span class='ocrx_word' id='word_1_83' title='bbox 2475 1587 2657 1637; x_wconf 72' lang='lat' dir='ltr'>silevulo</span> <span class='ocrx_word' id='word_1_84' title='bbox 2676 1605 2694 1637; x_wconf 72' lang='grc' dir='ltr'><strong><em>ε</em></strong></span> 
     </span>
     <span class='ocr_line' id='line_1_13' title="bbox 470 1651 2691 1718; baseline 0.001 -19"><span class='ocrx_word' id='word_1_85' title='bbox 470 1655 574 1700; x_wconf 84' lang='lat' dir='ltr'>tota</span> <span class='ocrx_word' id='word_1_86' title='bbox 589 1651 851 1715; x_wconf 78' lang='lat' dir='ltr'>antiquitas</span> <span class='ocrx_word' id='word_1_87' title='bbox 869 1652 1129 1702; x_wconf 75' lang='lat' dir='ltr'>inclusitse</span> <span class='ocrx_word' id='word_1_88' title='bbox 1151 1652 1201 1701; x_wconf 89' lang='lat' dir='ltr'>in</span> <span class='ocrx_word' id='word_1_89' title='bbox 1219 1668 1312 1702; x_wconf 80' lang='lat' dir='ltr'>una</span> <span class='ocrx_word' id='word_1_90' title='bbox 1344 1662 1499 1702; x_wconf 78' lang='lat' dir='ltr'>meme</span> <span class='ocrx_word' id='word_1_91' title='bbox 1536 1652 1810 1716; x_wconf 80' lang='lat' dir='ltr'>Theodori,</span> <span class='ocrx_word' id='word_1_92' title='bbox 1845 1659 1891 1703; x_wconf 85' lang='lat' dir='ltr'>et</span> <span class='ocrx_word' id='word_1_93' title='bbox 1923 1656 2032 1703; x_wconf 74' lang='lat' dir='ltr'>inde</span> <span class='ocrx_word' id='word_1_94' title='bbox 2066 1654 2299 1717; x_wconf 77' lang='lat' dir='ltr'>copiosior</span> <span class='ocrx_word' id='word_1_95' title='bbox 2319 1654 2483 1718; x_wconf 78' lang='lat' dir='ltr'>prodit</span> <span class='ocrx_word' id='word_1_96' title='bbox 2504 1653 2691 1702; x_wconf 77' lang='lat' dir='ltr'>viribus</span> 
     </span>
     <span class='ocr_line' id='line_1_14' title="bbox 470 1716 2691 1783; baseline 0 -16"><span class='ocrx_word' id='word_1_97' title='bbox 470 1716 748 1778; x_wconf 73' lang='lat' dir='ltr'>conjunctis.</span> <span class='ocrx_word' id='word_1_98' title='bbox 811 1717 1012 1781; x_wconf 78' lang='lat' dir='ltr'>Antiqui</span> <span class='ocrx_word' id='word_1_99' title='bbox 1056 1724 1294 1769; x_wconf 82' lang='lat' dir='ltr'>auctores</span> <span class='ocrx_word' id='word_1_100' title='bbox 1329 1719 1647 1783; x_wconf 78' lang='lat' dir='ltr'>illustrantur,</span> <span class='ocrx_word' id='word_1_101' title='bbox 1675 1725 1725 1769; x_wconf 83' lang='lat' dir='ltr'>et</span> <span class='ocrx_word' id='word_1_102' title='bbox 1761 1719 1858 1770; x_wconf 86' lang='lat' dir='ltr'>sub</span> <span class='ocrx_word' id='word_1_103' title='bbox 1892 1720 2078 1769; x_wconf 81' lang='lat' dir='ltr'>doctore</span> <span class='ocrx_word' id='word_1_104' title='bbox 2123 1719 2380 1768; x_wconf 68' lang='lat' dir='ltr'>illustriore</span> <span class='ocrx_word' id='word_1_105' title='bbox 2421 1717 2691 1769; x_wconf 74' lang='lat' dir='ltr'>Academia</span> 
     </span>
    </p>
   </div>
   <div class='ocr_carea' id='block_1_4' title="bbox 1402 1879 1764 1899">
    <p class='ocr_par' dir='ltr' id='par_1_4' title="bbox 1402 1879 1764 1899">
     <span class='ocr_line' id='line_1_15' title="bbox 1402 1879 1764 1899; baseline -0.003 0"><span class='ocrx_word' id='word_1_106' title='bbox 1402 1879 1764 1899; x_wconf 62' lang='lat' dir='ltr'>OOOOOOOOOOO</span> 
     </span>
    </p>
   </div>
   <div class='ocr_carea' id='block_1_5' title="bbox 469 1960 2699 2486">
    <p class='ocr_par' dir='ltr' id='par_1_5' title="bbox 469 1960 2699 2486">
     <span class='ocr_line' id='line_1_16' title="bbox 470 1960 2695 2029; baseline 0.001 -15"><span class='ocrx_word' id='word_1_107' title='bbox 470 1960 621 2014; x_wconf 88' lang='lat' dir='ltr'>Leid.</span> <span class='ocrx_word' id='word_1_108' title='bbox 644 1977 724 2027; x_wconf 88' lang='lat' dir='ltr'>pr.</span> <span class='ocrx_word' id='word_1_109' title='bbox 737 1964 896 2026; x_wconf 75' lang='lat' dir='ltr'>gratis</span> <span class='ocrx_word' id='word_1_110' title='bbox 914 1962 1093 2014; x_wconf 69' lang='lat' dir='ltr'>vicibus</span> <span class='ocrx_word' id='word_1_111' title='bbox 1117 1962 1296 2015; x_wconf 85' lang='lat' dir='ltr'>Ambr.</span> <span class='ocrx_word' id='word_1_112' title='bbox 1317 1980 1398 2029; x_wconf 88' lang='lat' dir='ltr'>pr.</span> <span class='ocrx_word' id='word_1_113' title='bbox 1431 1980 1620 2015; x_wconf 80' lang='lat' dir='ltr'>servare</span> <span class='ocrx_word' id='word_1_114' title='bbox 1636 1965 1721 2015; x_wconf 88' lang='lat' dir='ltr'>ed.</span> <span class='ocrx_word' id='word_1_115' title='bbox 1738 1965 2038 2016; x_wconf 84' lang='lat' dir='ltr'>Vicet.—86</span> <span class='ocrx_word' id='word_1_116' title='bbox 2075 1966 2355 2015; x_wconf 75' lang='lat' dir='ltr'>Conmeere</span> <span class='ocrx_word' id='word_1_117' title='bbox 2377 1966 2508 2015; x_wconf 75' lang='lat' dir='ltr'>Exc-</span> <span class='ocrx_word' id='word_1_118' title='bbox 2531 1966 2695 2019; x_wconf 83' lang='lat' dir='ltr'>Voss.</span> 
     </span>
     <span class='ocr_line' id='line_1_17' title="bbox 471 2028 2694 2093; baseline 0.002 -16"><span class='ocrx_word' id='word_1_119' title='bbox 471 2032 600 2078; x_wconf 75' lang='lat'>-87</span> <span class='ocrx_word' id='word_1_120' title='bbox 635 2028 787 2079; x_wconf 76' lang='lat' dir='ltr'>Sacra</span> <span class='ocrx_word' id='word_1_121' title='bbox 806 2034 887 2079; x_wconf 73' lang='lat' dir='ltr'>tuo</span> <span class='ocrx_word' id='word_1_122' title='bbox 908 2030 1032 2081; x_wconf 88' lang='lat' dir='ltr'>Jun.</span> <span class='ocrx_word' id='word_1_123' title='bbox 1053 2035 1267 2093; x_wconf 87' lang='lat' dir='ltr'>pr.—88</span> <span class='ocrx_word' id='word_1_124' title='bbox 1303 2032 1576 2081; x_wconf 72' lang='lat' dir='ltr'>Cloantheoe</span> <span class='ocrx_word' id='word_1_125' title='bbox 1613 2038 1721 2082; x_wconf 87' lang='lat' dir='ltr'>tres</span> <span class='ocrx_word' id='word_1_126' title='bbox 1760 2033 1910 2082; x_wconf 85' lang='lat' dir='ltr'>Vatt.</span> <span class='ocrx_word' id='word_1_127' title='bbox 1949 2031 2065 2079; x_wconf 85' lang='lat' dir='ltr'>Pal.</span> <span class='ocrx_word' id='word_1_128' title='bbox 2107 2031 2261 2079; x_wconf 86' lang='lat' dir='ltr'>Farn.</span> <span class='ocrx_word' id='word_1_129' title='bbox 2302 2031 2537 2081; x_wconf 87' lang='lat' dir='ltr'>Florent.</span> <span class='ocrx_word' id='word_1_130' title='bbox 2565 2032 2694 2082; x_wconf 89' lang='lat' dir='ltr'>Put.</span> 
     </span>
     <span class='ocr_line' id='line_1_18' title="bbox 472 2094 2692 2158; baseline 0.002 -15"><span class='ocrx_word' id='word_1_131' title='bbox 472 2094 660 2143; x_wconf 84' lang='lat' dir='ltr'>Petav.</span> <span class='ocrx_word' id='word_1_132' title='bbox 684 2108 764 2157; x_wconf 87' lang='lat' dir='ltr'>pr.</span> <span class='ocrx_word' id='word_1_133' title='bbox 788 2094 997 2145; x_wconf 89' lang='lat' dir='ltr'>Tholos.</span> <span class='ocrx_word' id='word_1_134' title='bbox 1020 2094 1162 2145; x_wconf 79' lang='lat' dir='ltr'>Med.</span> <span class='ocrx_word' id='word_1_135' title='bbox 1189 2110 1295 2145; x_wconf 91' lang='lat' dir='ltr'>sec.</span> <span class='ocrx_word' id='word_1_136' title='bbox 1319 2096 1422 2146; x_wconf 88' lang='lat' dir='ltr'>duo</span> <span class='ocrx_word' id='word_1_137' title='bbox 1445 2095 1629 2146; x_wconf 86' lang='lat' dir='ltr'>Ambr.</span> <span class='ocrx_word' id='word_1_138' title='bbox 1653 2097 1806 2147; x_wconf 86' lang='lat' dir='ltr'>ambo</span> <span class='ocrx_word' id='word_1_139' title='bbox 1830 2098 2026 2147; x_wconf 89' lang='lat' dir='ltr'>Moret.</span> <span class='ocrx_word' id='word_1_140' title='bbox 2058 2095 2255 2158; x_wconf 72' lang='lat' dir='ltr'>agmina</span> <span class='ocrx_word' id='word_1_141' title='bbox 2273 2096 2474 2145; x_wconf 87' lang='lat' dir='ltr'>Mazar.</span> <span class='ocrx_word' id='word_1_142' title='bbox 2500 2094 2692 2147; x_wconf 85' lang='lat' dir='ltr'>Ambr.</span> 
     </span>
     <span class='ocr_line' id='line_1_19' title="bbox 470 2159 2699 2227; baseline 0.002 -21"><span class='ocrx_word' id='word_1_143' title='bbox 470 2172 576 2208; x_wconf 87' lang='lat' dir='ltr'>sec.</span> <span class='ocrx_word' id='word_1_144' title='bbox 595 2160 728 2208; x_wconf 83' lang='lat' dir='ltr'>Exc.</span> <span class='ocrx_word' id='word_1_145' title='bbox 752 2159 879 2210; x_wconf 88' lang='lat' dir='ltr'>Cod.</span> <span class='ocrx_word' id='word_1_146' title='bbox 903 2159 1180 2209; x_wconf 85' lang='lat' dir='ltr'>Rhemens.</span> <span class='ocrx_word' id='word_1_147' title='bbox 1212 2161 1343 2210; x_wconf 79' lang='lat' dir='ltr'>atria</span> <span class='ocrx_word' id='word_1_148' title='bbox 1359 2163 1440 2211; x_wconf 85' lang='lat' dir='ltr'>vel</span> <span class='ocrx_word' id='word_1_149' title='bbox 1460 2162 1658 2224; x_wconf 75' lang='lat' dir='ltr'>agmina</span> <span class='ocrx_word' id='word_1_150' title='bbox 1679 2164 1806 2211; x_wconf 86' lang='lat' dir='ltr'>Vat.</span> <span class='ocrx_word' id='word_1_151' title='bbox 1830 2169 1998 2227; x_wconf 83' lang='lat' dir='ltr'>quart.</span> <span class='ocrx_word' id='word_1_152' title='bbox 2024 2162 2126 2211; x_wconf 89' lang='lat' dir='ltr'>inc.</span> <span class='ocrx_word' id='word_1_153' title='bbox 2146 2161 2462 2211; x_wconf 83' lang='lat' dir='ltr'>Heins.-89</span> <span class='ocrx_word' id='word_1_154' title='bbox 2495 2176 2699 2211; x_wconf 69' lang='lat' dir='ltr'>reesa-sus</span> 
     </span>
     <span class='ocr_line' id='line_1_20' title="bbox 472 2222 2696 2292; baseline 0.001 -19"><span class='ocrx_word' id='word_1_155' title='bbox 472 2222 601 2273; x_wconf 86' lang='lat' dir='ltr'>Cod.</span> <span class='ocrx_word' id='word_1_156' title='bbox 628 2224 941 2274; x_wconf 84' lang='lat' dir='ltr'>Barth.—90</span> <span class='ocrx_word' id='word_1_157' title='bbox 976 2225 1147 2274; x_wconf 82' lang='lat' dir='ltr'>didicit</span> <span class='ocrx_word' id='word_1_158' title='bbox 1170 2225 1366 2289; x_wconf 80' lang='lat' dir='ltr'>risitque</span> <span class='ocrx_word' id='word_1_159' title='bbox 1388 2227 1513 2278; x_wconf 89' lang='lat' dir='ltr'>Jun.</span> <span class='ocrx_word' id='word_1_160' title='bbox 1540 2242 1619 2292; x_wconf 90' lang='lat' dir='ltr'>pr.</span> <span class='ocrx_word' id='word_1_161' title='bbox 1671 2227 1804 2277; x_wconf 79' lang='lat' dir='ltr'>dixit</span> <span class='ocrx_word' id='word_1_162' title='bbox 1826 2229 1906 2277; x_wconf 82' lang='lat' dir='ltr'>vel</span> <span class='ocrx_word' id='word_1_163' title='bbox 1927 2226 2189 2290; x_wconf 66' lang='lat' dir='ltr'>didicitque</span> <span class='ocrx_word' id='word_1_164' title='bbox 2210 2226 2332 2276; x_wconf 87' lang='lat' dir='ltr'>Vat.</span> <span class='ocrx_word' id='word_1_165' title='bbox 2357 2241 2438 2290; x_wconf 89' lang='lat' dir='ltr'>pr.</span> <span class='ocrx_word' id='word_1_166' title='bbox 2461 2226 2696 2276; x_wconf 84' lang='lat' dir='ltr'>Fam.—</span> 
     </span>
     <span class='ocr_line' id='line_1_21' title="bbox 469 2289 2699 2357; baseline 0.001 -20"><span class='ocrx_word' id='word_1_167' title='bbox 469 2292 529 2337; x_wconf 78' lang='lat'>91</span> <span class='ocrx_word' id='word_1_168' title='bbox 568 2304 659 2338; x_wconf 77' lang='lat' dir='ltr'>uno</span> <span class='ocrx_word' id='word_1_169' title='bbox 679 2290 764 2338; x_wconf 82' lang='lat' dir='ltr'>vel</span> <span class='ocrx_word' id='word_1_170' title='bbox 782 2289 874 2339; x_wconf 86' lang='lat' dir='ltr'>imo</span> <span class='ocrx_word' id='word_1_171' title='bbox 892 2289 1039 2339; x_wconf 86' lang='lat' dir='ltr'>Med.</span> <span class='ocrx_word' id='word_1_172' title='bbox 1064 2296 1190 2340; x_wconf 85' lang='lat' dir='ltr'>tert.</span> <span class='ocrx_word' id='word_1_173' title='bbox 1233 2296 1371 2341; x_wconf 82' lang='lat' dir='ltr'>tanta</span> <span class='ocrx_word' id='word_1_174' title='bbox 1388 2293 1423 2344; x_wconf 90' lang='lat' dir='ltr'>J</span> <span class='ocrx_word' id='word_1_175' title='bbox 1428 2307 1515 2341; x_wconf 86' lang='lat' dir='ltr'>un.</span> <span class='ocrx_word' id='word_1_176' title='bbox 1541 2297 1752 2357; x_wconf 64' lang='lat' dir='ltr'>tin—92</span> <span class='ocrx_word' id='word_1_177' title='bbox 1785 2294 1972 2342; x_wconf 80' lang='lat' dir='ltr'>collatis</span> <span class='ocrx_word' id='word_1_178' title='bbox 2008 2293 2138 2357; x_wconf 80' lang='lat' dir='ltr'>legit</span> <span class='ocrx_word' id='word_1_179' title='bbox 2160 2291 2342 2341; x_wconf 86' lang='lat' dir='ltr'>Heius.</span> <span class='ocrx_word' id='word_1_180' title='bbox 2367 2291 2456 2356; x_wconf 89' lang='lat' dir='ltr'>qui</span> <span class='ocrx_word' id='word_1_181' title='bbox 2498 2291 2699 2354; x_wconf 85' lang='lat' dir='ltr'>ascrip-</span> 
     </span>
     <span class='ocr_line' id='line_1_22' title="bbox 472 2354 2699 2423; baseline 0.003 -22"><span class='ocrx_word' id='word_1_182' title='bbox 472 2360 613 2403; x_wconf 78' lang='lat' dir='ltr'>serat</span> <span class='ocrx_word' id='word_1_183' title='bbox 635 2354 725 2403; x_wconf 88' lang='lat' dir='ltr'>lib.</span> <span class='ocrx_word' id='word_1_184' title='bbox 748 2368 788 2403; x_wconf 87' lang='lat'>1.</span> <span class='ocrx_word' id='word_1_185' title='bbox 811 2354 1064 2404; x_wconf 87' lang='lat' dir='ltr'>Stilichon</span> <span class='ocrx_word' id='word_1_186' title='bbox 1088 2360 1167 2405; x_wconf 76' lang='lat'>35.</span> <span class='ocrx_word' id='word_1_187' title='bbox 1202 2358 1218 2383; x_wconf 89' lang='lat'>‘</span> <span class='ocrx_word' id='word_1_188' title='bbox 1245 2362 1301 2405; x_wconf 89' lang='lat' dir='ltr'>et</span> <span class='ocrx_word' id='word_1_189' title='bbox 1322 2372 1436 2423; x_wconf 72' lang='lat' dir='ltr'>qum</span> <span class='ocrx_word' id='word_1_190' title='bbox 1471 2356 1640 2408; x_wconf 84' lang='lat' dir='ltr'>divisa</span> <span class='ocrx_word' id='word_1_191' title='bbox 1672 2357 1855 2407; x_wconf 86' lang='lat' dir='ltr'>beatos</span> <span class='ocrx_word' id='word_1_192' title='bbox 1893 2356 2157 2417; x_wconf 84' lang='lat' dir='ltr'>Efficiunt,</span> <span class='ocrx_word' id='word_1_193' title='bbox 2188 2357 2381 2406; x_wconf 83' lang='lat' dir='ltr'>collata</span> <span class='ocrx_word' id='word_1_194' title='bbox 2423 2356 2612 2406; x_wconf 56' lang='lat' dir='ltr'>tenes?</span> <span class='ocrx_word' id='word_1_195' title='bbox 2633 2362 2699 2407; x_wconf 85' lang='lat' dir='ltr'>ut</span> 
     </span>
     <span class='ocr_line' id='line_1_23' title="bbox 470 2417 2697 2486; baseline 0.003 -18"><span class='ocrx_word' id='word_1_196' title='bbox 470 2417 545 2469; x_wconf 86' lang='lat' dir='ltr'>ibi</span> <span class='ocrx_word' id='word_1_197' title='bbox 583 2418 750 2471; x_wconf 86' lang='lat' dir='ltr'>Codd.</span> <span class='ocrx_word' id='word_1_198' title='bbox 771 2434 887 2486; x_wconf 84' lang='lat' dir='ltr'>pro,</span> <span class='ocrx_word' id='word_1_199' title='bbox 910 2420 1151 2473; x_wconf 87' lang='lat' dir='ltr'>collecta.</span> <span class='ocrx_word' id='word_1_200' title='bbox 1199 2421 1321 2472; x_wconf 79' lang='lat' dir='ltr'>arsit</span> <span class='ocrx_word' id='word_1_201' title='bbox 1358 2424 1484 2474; x_wconf 87' lang='lat' dir='ltr'>Vat.</span> <span class='ocrx_word' id='word_1_202' title='bbox 1510 2428 1635 2475; x_wconf 88' lang='lat' dir='ltr'>tert.</span> <span class='ocrx_word' id='word_1_203' title='bbox 1684 2423 1788 2474; x_wconf 79' lang='lat' dir='ltr'>exit</span> <span class='ocrx_word' id='word_1_204' title='bbox 1811 2424 1893 2475; x_wconf 82' lang='lat' dir='ltr'>vel</span> <span class='ocrx_word' id='word_1_205' title='bbox 1927 2423 2048 2474; x_wconf 78' lang='lat' dir='ltr'>arsit</span> <span class='ocrx_word' id='word_1_206' title='bbox 2088 2423 2239 2473; x_wconf 88' lang='lat' dir='ltr'>Rott.</span> <span class='ocrx_word' id='word_1_207' title='bbox 2283 2424 2395 2474; x_wconf 71' lang='lat' dir='ltr'>exul</span> <span class='ocrx_word' id='word_1_208' title='bbox 2412 2422 2697 2474; x_wconf 76' lang='lat' dir='ltr'>Thalos.—</span> 
     </span>
    </p>
   </div>
   <div class='ocr_carea' id='block_1_6' title="bbox 1476 2589 1690 2640">
    <p class='ocr_par' dir='ltr' id='par_1_6' title="bbox 1476 2589 1690 2640">
     <span class='ocr_line' id='line_1_24' title="bbox 1476 2589 1690 2640; baseline -0.009 0"><span class='ocrx_word' id='word_1_209' title='bbox 1476 2589 1690 2640; x_wconf 83' lang='lat' dir='ltr'><strong>NOTAE</strong></span> 
     </span>
    </p>
   </div>
   <div class='ocr_carea' id='block_1_7' title="bbox 468 2696 1543 4382">
    <p class='ocr_par' dir='ltr' id='par_1_7' title="bbox 472 2696 1406 2766">
     <span class='ocr_line' id='line_1_25' title="bbox 472 2696 1406 2766; baseline 0.005 -21"><span class='ocrx_word' id='word_1_210' title='bbox 472 2696 635 2747; x_wconf 82' lang='lat' dir='ltr'>ralem</span> <span class='ocrx_word' id='word_1_211' title='bbox 658 2711 689 2746; x_wconf 88' lang='lat' dir='ltr'>e</span> <span class='ocrx_word' id='word_1_212' title='bbox 713 2697 859 2748; x_wconf 82' lang='lat' dir='ltr'>Coelo</span> <span class='ocrx_word' id='word_1_213' title='bbox 882 2698 1168 2766; x_wconf 65' lang='lat' dir='ltr'>evocasse!</span> <span class='ocrx_word' id='word_1_214' title='bbox 1204 2699 1406 2751; x_wconf 89' lang='lat' dir='ltr'>Cicero.</span> 
     </span>
    </p>

    <p class='ocr_par' dir='ltr' id='par_1_8' title="bbox 471 2774 1541 3134">
     <span class='ocr_line' id='line_1_26' title="bbox 525 2774 1541 2841; baseline 0.004 -17"><span class='ocrx_word' id='word_1_215' title='bbox 525 2778 604 2824; x_wconf 68' lang='lat' dir='ltr'>›8ss</span> <span class='ocrx_word' id='word_1_216' title='bbox 632 2774 833 2826; x_wconf 69' lang='lat' dir='ltr'>Alterum</span> <span class='ocrx_word' id='word_1_217' title='bbox 874 2779 1002 2827; x_wconf 77' lang='lat' dir='ltr'>nodo</span> <span class='ocrx_word' id='word_1_218' title='bbox 1048 2792 1209 2827; x_wconf 70' lang='lat' dir='ltr'>cmm</span> <span class='ocrx_word' id='word_1_219' title='bbox 1268 2776 1541 2841; x_wconf 78' lang='lat' dir='ltr'>contexere]</span> 
     </span>
     <span class='ocr_line' id='line_1_27' title="bbox 471 2851 1539 2920; baseline 0.003 -19"><span class='ocrx_word' id='word_1_220' title='bbox 471 2851 537 2901; x_wconf 85' lang='lat' dir='ltr'>ld</span> <span class='ocrx_word' id='word_1_221' title='bbox 562 2858 660 2915; x_wconf 88' lang='lat' dir='ltr'>est,</span> <span class='ocrx_word' id='word_1_222' title='bbox 680 2864 775 2917; x_wconf 86' lang='lat' dir='ltr'>per</span> <span class='ocrx_word' id='word_1_223' title='bbox 797 2853 1029 2919; x_wconf 83' lang='lat' dir='ltr'>dialogos</span> <span class='ocrx_word' id='word_1_224' title='bbox 1044 2855 1308 2920; x_wconf 86' lang='lat' dir='ltr'>elegantes</span> <span class='ocrx_word' id='word_1_225' title='bbox 1331 2854 1539 2905; x_wconf 86' lang='lat' dir='ltr'>concin-</span> 
     </span>
     <span class='ocr_line' id='line_1_28' title="bbox 471 2931 1538 2998; baseline 0.004 -21"><span class='ocrx_word' id='word_1_226' title='bbox 471 2940 597 2978; x_wconf 80' lang='lat' dir='ltr'>nare</span> <span class='ocrx_word' id='word_1_227' title='bbox 642 2935 697 2978; x_wconf 89' lang='lat' dir='ltr'>et</span> <span class='ocrx_word' id='word_1_228' title='bbox 748 2931 1015 2995; x_wconf 87' lang='lat' dir='ltr'>explicare</span> <span class='ocrx_word' id='word_1_229' title='bbox 1055 2932 1349 2995; x_wconf 78' lang='lat' dir='ltr'>veritatem,</span> <span class='ocrx_word' id='word_1_230' title='bbox 1389 2932 1538 2998; x_wconf 88' lang='lat' dir='ltr'>quasi</span> 
     </span>
     <span class='ocr_line' id='line_1_29' title="bbox 472 3009 1538 3074; baseline 0.004 -20"><span class='ocrx_word' id='word_1_231' title='bbox 472 3010 779 3056; x_wconf 79' lang='lat' dir='ltr'>contexeres</span> <span class='ocrx_word' id='word_1_232' title='bbox 796 3022 940 3059; x_wconf 87' lang='lat' dir='ltr'>rosas</span> <span class='ocrx_word' id='word_1_233' title='bbox 956 3009 1008 3058; x_wconf 91' lang='lat' dir='ltr'>in</span> <span class='ocrx_word' id='word_1_234' title='bbox 1026 3016 1168 3063; x_wconf 88' lang='lat' dir='ltr'>serta</span> <span class='ocrx_word' id='word_1_235' title='bbox 1185 3009 1334 3060; x_wconf 88' lang='lat' dir='ltr'>nodis</span> <span class='ocrx_word' id='word_1_236' title='bbox 1346 3009 1538 3074; x_wconf 85' lang='lat' dir='ltr'>jucun-</span> 
     </span>
     <span class='ocr_line' id='line_1_30' title="bbox 472 3081 713 3134; baseline 0.012 -3"><span class='ocrx_word' id='word_1_237' title='bbox 472 3081 713 3134; x_wconf 84' lang='lat' dir='ltr'>dissimis.</span> 
     </span>
    </p>

    <p class='ocr_par' dir='ltr' id='par_1_9' title="bbox 468 3160 1543 3847">
     <span class='ocr_line' id='line_1_31' title="bbox 535 3160 1538 3225; baseline 0.005 -18"><span class='ocrx_word' id='word_1_238' title='bbox 535 3163 601 3208; x_wconf 83' lang='lat'>88</span> <span class='ocrx_word' id='word_1_239' title='bbox 638 3160 927 3225; x_wconf 78' lang='lat' dir='ltr'>Cleantheoe]</span> <span class='ocrx_word' id='word_1_240' title='bbox 979 3162 1258 3213; x_wconf 79' lang='lat' dir='ltr'>Cleanthes</span> <span class='ocrx_word' id='word_1_241' title='bbox 1295 3162 1377 3213; x_wconf 81' lang='lat' dir='ltr'>vir</span> <span class='ocrx_word' id='word_1_242' title='bbox 1397 3163 1538 3213; x_wconf 88' lang='lat' dir='ltr'>labo·</span> 
     </span>
     <span class='ocr_line' id='line_1_32' title="bbox 471 3235 1537 3305; baseline 0.006 -19"><span class='ocrx_word' id='word_1_243' title='bbox 471 3235 654 3301; x_wconf 87' lang='lat' dir='ltr'>riosus,</span> <span class='ocrx_word' id='word_1_244' title='bbox 683 3244 738 3288; x_wconf 91' lang='lat' dir='ltr'>et</span> <span class='ocrx_word' id='word_1_245' title='bbox 777 3238 894 3289; x_wconf 89' lang='lat' dir='ltr'>ideo</span> <span class='ocrx_word' id='word_1_246' title='bbox 931 3241 1187 3292; x_wconf 85' lang='lat' dir='ltr'>Hercules</span> <span class='ocrx_word' id='word_1_247' title='bbox 1227 3241 1419 3305; x_wconf 85' lang='lat' dir='ltr'>dictus,</span> <span class='ocrx_word' id='word_1_248' title='bbox 1441 3242 1537 3293; x_wconf 88' lang='lat' dir='ltr'>Ze·</span> 
     </span>
     <span class='ocr_line' id='line_1_33' title="bbox 471 3315 1543 3380; baseline 0.006 -17"><span class='ocrx_word' id='word_1_249' title='bbox 471 3315 593 3364; x_wconf 87' lang='lat' dir='ltr'>noni</span> <span class='ocrx_word' id='word_1_250' title='bbox 633 3316 871 3380; x_wconf 82' lang='lat' dir='ltr'>adhaesit,</span> <span class='ocrx_word' id='word_1_251' title='bbox 909 3325 965 3369; x_wconf 90' lang='lat' dir='ltr'>et</span> <span class='ocrx_word' id='word_1_252' title='bbox 987 3335 1019 3369; x_wconf 89' lang='lat' dir='ltr'>a</span> <span class='ocrx_word' id='word_1_253' title='bbox 1052 3319 1306 3371; x_wconf 84' lang='lat' dir='ltr'>Cicerone</span> <span class='ocrx_word' id='word_1_254' title='bbox 1344 3319 1543 3369; x_wconf 88' lang='lat' dir='ltr'>dicitur</span> 
     </span>
     <span class='ocr_line' id='line_1_34' title="bbox 468 3392 1537 3459; baseline 0.004 -18"><span class='ocrx_word' id='word_1_255' title='bbox 468 3393 485 3418; x_wconf 79' lang='lat'>⁸</span> <span class='ocrx_word' id='word_1_256' title='bbox 507 3392 798 3443; x_wconf 87' lang='lat' dir='ltr'>Stoicorum</span> <span class='ocrx_word' id='word_1_257' title='bbox 863 3395 1051 3459; x_wconf 85' lang='lat' dir='ltr'>pater.&#39;</span> <span class='ocrx_word' id='word_1_258' title='bbox 1129 3396 1367 3445; x_wconf 83' lang='lat' dir='ltr'>Tradunt</span> <span class='ocrx_word' id='word_1_259' title='bbox 1418 3410 1537 3445; x_wconf 91' lang='lat' dir='ltr'>eum</span> 
     </span>
     <span class='ocr_line' id='line_1_35' title="bbox 471 3467 1543 3538; baseline 0.006 -21"><span class='ocrx_word' id='word_1_260' title='bbox 471 3467 631 3518; x_wconf 83' lang='lat' dir='ltr'>fuisse</span> <span class='ocrx_word' id='word_1_261' title='bbox 670 3472 1074 3538; x_wconf 86' lang='lat' dir='ltr'>pauperrimum,</span> <span class='ocrx_word' id='word_1_262' title='bbox 1092 3480 1151 3523; x_wconf 85' lang='lat' dir='ltr'>et</span> <span class='ocrx_word' id='word_1_263' title='bbox 1171 3480 1329 3523; x_wconf 88' lang='lat' dir='ltr'>noctu</span> <span class='ocrx_word' id='word_1_264' title='bbox 1352 3488 1543 3538; x_wconf 81' lang='lat' dir='ltr'>aquam·</span> 
     </span>
     <span class='ocr_line' id='line_1_36' title="bbox 468 3547 1537 3615; baseline 0.004 -19"><span class='ocrx_word' id='word_1_265' title='bbox 468 3547 722 3611; x_wconf 80' lang='lat' dir='ltr'>hausisse,</span> <span class='ocrx_word' id='word_1_266' title='bbox 742 3549 880 3599; x_wconf 85' lang='lat' dir='ltr'>unde</span> <span class='ocrx_word' id='word_1_267' title='bbox 904 3566 960 3600; x_wconf 89' lang='lat' dir='ltr'>se</span> <span class='ocrx_word' id='word_1_268' title='bbox 984 3566 1079 3615; x_wconf 83' lang='lat' dir='ltr'>per</span> <span class='ocrx_word' id='word_1_269' title='bbox 1111 3551 1249 3602; x_wconf 88' lang='lat' dir='ltr'>diem</span> <span class='ocrx_word' id='word_1_270' title='bbox 1272 3551 1327 3601; x_wconf 91' lang='lat' dir='ltr'>in</span> <span class='ocrx_word' id='word_1_271' title='bbox 1350 3550 1537 3601; x_wconf 87' lang='lat' dir='ltr'>studiis</span> 
     </span>
     <span class='ocr_line' id='line_1_37' title="bbox 470 3625 1535 3693; baseline 0.002 -19"><span class='ocrx_word' id='word_1_272' title='bbox 470 3625 611 3675; x_wconf 81' lang='lat' dir='ltr'>alere</span> <span class='ocrx_word' id='word_1_273' title='bbox 636 3634 831 3691; x_wconf 86' lang='lat' dir='ltr'>posset,</span> <span class='ocrx_word' id='word_1_274' title='bbox 866 3643 1087 3693; x_wconf 88' lang='lat' dir='ltr'>eumque</span> <span class='ocrx_word' id='word_1_275' title='bbox 1122 3635 1535 3693; x_wconf 79' lang='lat' dir='ltr'>praeterea,quae</span> 
     </span>
     <span class='ocr_line' id='line_1_38' title="bbox 472 3702 1538 3767; baseline 0.003 -16"><span class='ocrx_word' id='word_1_276' title='bbox 472 3716 505 3751; x_wconf 83' lang='lat' dir='ltr'>a</span> <span class='ocrx_word' id='word_1_277' title='bbox 524 3702 737 3754; x_wconf 85' lang='lat' dir='ltr'>Zenone</span> <span class='ocrx_word' id='word_1_278' title='bbox 776 3704 1034 3767; x_wconf 83' lang='lat' dir='ltr'>audierat,</span> <span class='ocrx_word' id='word_1_279' title='bbox 1064 3707 1264 3755; x_wconf 89' lang='lat' dir='ltr'>ossibus</span> <span class='ocrx_word' id='word_1_280' title='bbox 1300 3705 1453 3755; x_wconf 90' lang='lat' dir='ltr'>boum</span> <span class='ocrx_word' id='word_1_281' title='bbox 1480 3708 1538 3754; x_wconf 89' lang='lat' dir='ltr'>et</span> 
     </span>
     <span class='ocr_line' id='line_1_39' title="bbox 471 3779 1485 3847; baseline 0.002 -18"><span class='ocrx_word' id='word_1_282' title='bbox 471 3781 620 3830; x_wconf 80' lang='lat' dir='ltr'>testis</span> <span class='ocrx_word' id='word_1_283' title='bbox 641 3779 891 3832; x_wconf 85' lang='lat' dir='ltr'>fictilibus</span> <span class='ocrx_word' id='word_1_284' title='bbox 911 3783 1236 3847; x_wconf 88' lang='lat' dir='ltr'>perscribere</span> <span class='ocrx_word' id='word_1_285' title='bbox 1259 3782 1485 3832; x_wconf 87' lang='lat' dir='ltr'>solitum.</span> 
     </span>
    </p>

    <p class='ocr_par' dir='ltr' id='par_1_10' title="bbox 468 3856 1539 4382">
     <span class='ocr_line' id='line_1_40' title="bbox 535 3856 1536 3923; baseline 0.004 -19"><span class='ocrx_word' id='word_1_286' title='bbox 535 3859 601 3904; x_wconf 82' lang='lat'>89</span> <span class='ocrx_word' id='word_1_287' title='bbox 638 3856 923 3920; x_wconf 75' lang='lat' dir='ltr'>Chrysippe]</span> <span class='ocrx_word' id='word_1_288' title='bbox 988 3858 1312 3923; x_wconf 81' lang='lat' dir='ltr'>Chrysippus</span> <span class='ocrx_word' id='word_1_289' title='bbox 1367 3856 1536 3908; x_wconf 89' lang='lat' dir='ltr'>Tarso</span> 
     </span>
     <span class='ocr_line' id='line_1_41' title="bbox 471 3930 1535 3998; baseline 0.003 -18"><span class='ocrx_word' id='word_1_290' title='bbox 471 3930 719 3981; x_wconf 86' lang='lat' dir='ltr'>oriundus</span> <span class='ocrx_word' id='word_1_291' title='bbox 758 3933 1101 3998; x_wconf 84' lang='lat' dir='ltr'>Philosophus</span> <span class='ocrx_word' id='word_1_292' title='bbox 1142 3935 1368 3998; x_wconf 89' lang='lat' dir='ltr'>Stoicus,</span> <span class='ocrx_word' id='word_1_293' title='bbox 1410 3934 1535 3983; x_wconf 90' lang='lat' dir='ltr'>Dia-</span> 
     </span>
     <span class='ocr_line' id='line_1_42' title="bbox 470 4007 1533 4071; baseline 0.004 -15"><span class='ocrx_word' id='word_1_294' title='bbox 470 4007 661 4057; x_wconf 79' lang='lat' dir='ltr'>lectica</span> <span class='ocrx_word' id='word_1_295' title='bbox 682 4009 975 4071; x_wconf 87' lang='lat' dir='ltr'>excellens;</span> <span class='ocrx_word' id='word_1_296' title='bbox 1008 4026 1126 4061; x_wconf 90' lang='lat' dir='ltr'>cum</span> <span class='ocrx_word' id='word_1_297' title='bbox 1162 4008 1380 4061; x_wconf 87' lang='lat' dir='ltr'>Asinum</span> <span class='ocrx_word' id='word_1_298' title='bbox 1401 4010 1533 4060; x_wconf 84' lang='lat' dir='ltr'>ficus</span> 
     </span>
     <span class='ocr_line' id='line_1_43' title="bbox 472 4083 1536 4151; baseline 0.002 -17"><span class='ocrx_word' id='word_1_299' title='bbox 472 4083 832 4134; x_wconf 82' lang='lat' dir='ltr'>comedentem</span> <span class='ocrx_word' id='word_1_300' title='bbox 874 4085 1092 4150; x_wconf 64' lang='lat' dir='ltr'>videret,</span> <span class='ocrx_word' id='word_1_301' title='bbox 1129 4085 1317 4136; x_wconf 84' lang='lat' dir='ltr'>effusus</span> <span class='ocrx_word' id='word_1_302' title='bbox 1339 4087 1390 4135; x_wconf 86' lang='lat' dir='ltr'>iu</span> <span class='ocrx_word' id='word_1_303' title='bbox 1413 4101 1536 4151; x_wconf 82' lang='lat' dir='ltr'>gau-</span> 
     </span>
     <span class='ocr_line' id='line_1_44' title="bbox 470 4156 1534 4225; baseline 0.003 -16"><span class='ocrx_word' id='word_1_304' title='bbox 470 4156 612 4209; x_wconf 88' lang='lat' dir='ltr'>dium</span> <span class='ocrx_word' id='word_1_305' title='bbox 669 4161 924 4225; x_wconf 83' lang='lat' dir='ltr'>risumque</span> <span class='ocrx_word' id='word_1_306' title='bbox 969 4163 1158 4213; x_wconf 84' lang='lat' dir='ltr'>obiisse</span> <span class='ocrx_word' id='word_1_307' title='bbox 1196 4162 1403 4214; x_wconf 90' lang='lat' dir='ltr'>dicitur.</span> <span class='ocrx_word' id='word_1_308' title='bbox 1471 4163 1534 4214; x_wconf 92' lang='lat' dir='ltr'>In</span> 
     </span>
     <span class='ocr_line' id='line_1_45' title="bbox 468 4239 1539 4305; baseline 0.005 -20"><span class='ocrx_word' id='word_1_309' title='bbox 468 4246 649 4286; x_wconf 79' lang='lat' dir='ltr'>recessu</span> <span class='ocrx_word' id='word_1_310' title='bbox 689 4248 884 4300; x_wconf 72' lang='lat' dir='ltr'>autem,</span> <span class='ocrx_word' id='word_1_311' title='bbox 923 4240 1040 4304; x_wconf 88' lang='lat' dir='ltr'>quia</span> <span class='ocrx_word' id='word_1_312' title='bbox 1100 4239 1420 4305; x_wconf 80' lang='lat' dir='ltr'>Chrysippus</span> <span class='ocrx_word' id='word_1_313' title='bbox 1460 4255 1539 4290; x_wconf 90' lang='lat' dir='ltr'>se-</span> 
     </span>
     <span class='ocr_line' id='line_1_46' title="bbox 471 4311 1535 4382; baseline 0.004 -17"><span class='ocrx_word' id='word_1_314' title='bbox 471 4322 619 4368; x_wconf 67' lang='lat' dir='ltr'>celsu</span> <span class='ocrx_word' id='word_1_315' title='bbox 641 4311 1025 4382; x_wconf 82' lang='lat' dir='ltr'>delectabatur,</span> <span class='ocrx_word' id='word_1_316' title='bbox 1057 4321 1114 4366; x_wconf 81' lang='lat' dir='ltr'>et</span> <span class='ocrx_word' id='word_1_317' title='bbox 1144 4319 1325 4381; x_wconf 64' lang='lat' dir='ltr'>‘saepe</span> <span class='ocrx_word' id='word_1_318' title='bbox 1360 4318 1535 4379; x_wconf 78' lang='lat' dir='ltr'>studio</span> 
     </span>
    </p>
   </div>
   <div class='ocr_carea' id='block_1_8' title="bbox 1615 2694 2722 4384">
    <p class='ocr_par' dir='ltr' id='par_1_11' title="bbox 1616 2694 2699 2981">
     <span class='ocr_line' id='line_1_47' title="bbox 1616 2694 2695 2761; baseline -0.001 -14"><span class='ocrx_word' id='word_1_319' title='bbox 1616 2698 1848 2749; x_wconf 87' lang='lat' dir='ltr'>intentus</span> <span class='ocrx_word' id='word_1_320' title='bbox 1888 2703 2033 2749; x_wconf 83' lang='lat' dir='ltr'>tauta</span> <span class='ocrx_word' id='word_1_321' title='bbox 2078 2697 2345 2761; x_wconf 80' lang='lat' dir='ltr'>voluptate</span> <span class='ocrx_word' id='word_1_322' title='bbox 2380 2694 2695 2760; x_wconf 83' lang='lat' dir='ltr'>perfrueba-</span> 
     </span>
     <span class='ocr_line' id='line_1_48' title="bbox 1619 2773 2699 2840; baseline -0.001 -15"><span class='ocrx_word' id='word_1_323' title='bbox 1619 2781 1724 2838; x_wconf 86' lang='lat' dir='ltr'>tur,</span> <span class='ocrx_word' id='word_1_324' title='bbox 1745 2781 1807 2826; x_wconf 81' lang='lat' dir='ltr'>ut</span> <span class='ocrx_word' id='word_1_325' title='bbox 1829 2790 1964 2840; x_wconf 87' lang='lat' dir='ltr'>eum,</span> <span class='ocrx_word' id='word_1_326' title='bbox 1999 2782 2240 2840; x_wconf 86' lang='lat' dir='ltr'>tauquam</span> <span class='ocrx_word' id='word_1_327' title='bbox 2279 2782 2430 2823; x_wconf 85' lang='lat' dir='ltr'>extra</span> <span class='ocrx_word' id='word_1_328' title='bbox 2471 2788 2529 2822; x_wconf 88' lang='lat' dir='ltr'>se</span> <span class='ocrx_word' id='word_1_329' title='bbox 2553 2773 2699 2838; x_wconf 82' lang='lat' dir='ltr'>posi·</span> 
     </span>
     <span class='ocr_line' id='line_1_49' title="bbox 1617 2851 2696 2918; baseline 0 -15"><span class='ocrx_word' id='word_1_330' title='bbox 1617 2859 1746 2916; x_wconf 76' lang='lat' dir='ltr'>tum,</span> <span class='ocrx_word' id='word_1_331' title='bbox 1762 2852 1866 2904; x_wconf 87' lang='lat' dir='ltr'>cibi</span> <span class='ocrx_word' id='word_1_332' title='bbox 1882 2853 2209 2918; x_wconf 83' lang='lat' dir='ltr'>potionisque</span> <span class='ocrx_word' id='word_1_333' title='bbox 2226 2857 2442 2916; x_wconf 90' lang='lat' dir='ltr'>caperet</span> <span class='ocrx_word' id='word_1_334' title='bbox 2457 2851 2696 2903; x_wconf 65' lang='lat' dir='ltr'>oblivio!</span> 
     </span>
     <span class='ocr_line' id='line_1_50' title="bbox 1616 2926 2067 2981; baseline 0 -3"><span class='ocrx_word' id='word_1_335' title='bbox 1616 2928 1695 2978; x_wconf 79' lang='lat' dir='ltr'>M.</span> <span class='ocrx_word' id='word_1_336' title='bbox 1719 2926 1786 2981; x_wconf 89' lang='lat' dir='ltr'>A.</span> <span class='ocrx_word' id='word_1_337' title='bbox 1810 2930 2067 2979; x_wconf 86' lang='lat' dir='ltr'>Muretus.</span> 
     </span>
    </p>

    <p class='ocr_par' dir='ltr' id='par_1_12' title="bbox 1616 3004 2697 3379">
     <span class='ocr_line' id='line_1_51' title="bbox 1681 3004 2697 3070; baseline -0.004 -13"><span class='ocrx_word' id='word_1_338' title='bbox 1681 3012 1747 3058; x_wconf 81' lang='lat'>9⁰</span> <span class='ocrx_word' id='word_1_339' title='bbox 1778 3005 2107 3070; x_wconf 74' lang='lat' dir='ltr'>Democritus]</span> <span class='ocrx_word' id='word_1_340' title='bbox 2137 3006 2396 3056; x_wconf 87' lang='lat' dir='ltr'>Summum</span> <span class='ocrx_word' id='word_1_341' title='bbox 2416 3004 2613 3054; x_wconf 86' lang='lat' dir='ltr'>bonum</span> <span class='ocrx_word' id='word_1_342' title='bbox 2641 3005 2697 3054; x_wconf 83' lang='lat' dir='ltr'>in</span> 
     </span>
     <span class='ocr_line' id='line_1_52' title="bbox 1619 3082 2697 3151; baseline -0.002 -16"><span class='ocrx_word' id='word_1_343' title='bbox 1619 3084 1998 3151; x_wconf 85' lang='lat' dir='ltr'>tranquillitate</span> <span class='ocrx_word' id='word_1_344' title='bbox 2021 3084 2207 3133; x_wconf 84' lang='lat' dir='ltr'>animae</span> <span class='ocrx_word' id='word_1_345' title='bbox 2232 3082 2479 3148; x_wconf 87' lang='lat' dir='ltr'>ponebat,</span> <span class='ocrx_word' id='word_1_346' title='bbox 2507 3089 2697 3134; x_wconf 81' lang='lat' dir='ltr'>cetera</span> 
     </span>
     <span class='ocr_line' id='line_1_53' title="bbox 1616 3159 2697 3222; baseline -0.004 -10"><span class='ocrx_word' id='word_1_347' title='bbox 1616 3162 1787 3213; x_wconf 86' lang='lat' dir='ltr'>omnia</span> <span class='ocrx_word' id='word_1_348' title='bbox 1808 3160 2048 3222; x_wconf 76' lang='lat' dir='ltr'>ridebat3</span> <span class='ocrx_word' id='word_1_349' title='bbox 2080 3161 2218 3211; x_wconf 85' lang='lat' dir='ltr'>nude</span> <span class='ocrx_word' id='word_1_350' title='bbox 2241 3159 2412 3210; x_wconf 88' lang='lat' dir='ltr'>dictus</span> <span class='ocrx_word' id='word_1_351' title='bbox 2436 3166 2697 3222; x_wconf 64' lang='lat' dir='ltr'>est&#39;yem-</span> 
     </span>
     <span class='ocr_line' id='line_1_54' title="bbox 1619 3228 2695 3303; baseline 0 -16"><span class='ocrx_word' id='word_1_352' title='bbox 1619 3239 1745 3287; x_wconf 61' lang='grc' dir='ltr'>σῢυς</span> <span class='ocrx_word' id='word_1_353' title='bbox 1765 3237 1907 3300; x_wconf 83' lang='lat' dir='ltr'>risor,</span> <span class='ocrx_word' id='word_1_354' title='bbox 1931 3237 2069 3303; x_wconf 90' lang='lat' dir='ltr'>quod</span> <span class='ocrx_word' id='word_1_355' title='bbox 2084 3252 2291 3302; x_wconf 87' lang='lat' dir='ltr'>semper</span> <span class='ocrx_word' id='word_1_356' title='bbox 2314 3228 2542 3286; x_wconf 85' lang='lat' dir='ltr'>rideret:</span> <span class='ocrx_word' id='word_1_357' title='bbox 2568 3251 2695 3287; x_wconf 87' lang='lat' dir='ltr'>con-</span> 
     </span>
     <span class='ocr_line' id='line_1_55' title="bbox 1620 3312 2504 3379; baseline -0.003 -14"><span class='ocrx_word' id='word_1_358' title='bbox 1620 3321 1701 3365; x_wconf 88' lang='lat' dir='ltr'>tra</span> <span class='ocrx_word' id='word_1_359' title='bbox 1722 3315 2020 3365; x_wconf 84' lang='lat' dir='ltr'>Heraclitus</span> <span class='ocrx_word' id='word_1_360' title='bbox 2045 3322 2302 3379; x_wconf 88' lang='lat' dir='ltr'>perpetuo</span> <span class='ocrx_word' id='word_1_361' title='bbox 2324 3312 2504 3363; x_wconf 85' lang='lat' dir='ltr'>flebat.</span> 
     </span>
    </p>

    <p class='ocr_par' dir='ltr' id='par_1_13' title="bbox 1617 3389 2722 3764">
     <span class='ocr_line' id='line_1_56' title="bbox 1683 3389 2702 3456; baseline -0.002 -16"><span class='ocrx_word' id='word_1_362' title='bbox 1683 3395 1745 3442; x_wconf 84' lang='lat'>91</span> <span class='ocrx_word' id='word_1_363' title='bbox 1782 3390 2108 3456; x_wconf 76' lang='lat' dir='ltr'>Pythagoras]</span> <span class='ocrx_word' id='word_1_364' title='bbox 2193 3391 2392 3440; x_wconf 89' lang='lat' dir='ltr'>Samius</span> <span class='ocrx_word' id='word_1_365' title='bbox 2454 3389 2702 3440; x_wconf 53' lang='lat' dir='ltr'>Philosoa</span> 
     </span>
     <span class='ocr_line' id='line_1_57' title="bbox 1620 3467 2694 3533; baseline 0.002 -17"><span class='ocrx_word' id='word_1_366' title='bbox 1620 3468 1774 3533; x_wconf 88' lang='lat' dir='ltr'>phus,</span> <span class='ocrx_word' id='word_1_367' title='bbox 1796 3467 1976 3518; x_wconf 89' lang='lat' dir='ltr'>docuit</span> <span class='ocrx_word' id='word_1_368' title='bbox 1993 3469 2131 3532; x_wconf 86' lang='lat' dir='ltr'>apud</span> <span class='ocrx_word' id='word_1_369' title='bbox 2152 3468 2479 3518; x_wconf 85' lang='lat' dir='ltr'>Crotoniatas</span> <span class='ocrx_word' id='word_1_370' title='bbox 2502 3467 2560 3517; x_wconf 87' lang='lat' dir='ltr'>in</span> <span class='ocrx_word' id='word_1_371' title='bbox 2583 3468 2694 3518; x_wconf 69' lang='lat' dir='ltr'>Ita·-</span> 
     </span>
     <span class='ocr_line' id='line_1_58' title="bbox 1617 3535 2695 3610; baseline 0.001 -17"><span class='ocrx_word' id='word_1_372' title='bbox 1617 3545 1705 3595; x_wconf 83' lang='lat' dir='ltr'>lia.</span> <span class='ocrx_word' id='word_1_373' title='bbox 1770 3546 1896 3609; x_wconf 87' lang='lat' dir='ltr'>Ejus</span> <span class='ocrx_word' id='word_1_374' title='bbox 1930 3535 2536 3610; x_wconf 84' lang='lat' dir='ltr'>discipuli&#39;quinquenuii</span> <span class='ocrx_word' id='word_1_375' title='bbox 2559 3544 2695 3595; x_wconf 82' lang='lat' dir='ltr'>taci-</span> 
     </span>
     <span class='ocr_line' id='line_1_59' title="bbox 1619 3622 2692 3686; baseline -0.001 -14"><span class='ocrx_word' id='word_1_376' title='bbox 1619 3622 1869 3672; x_wconf 85' lang='lat' dir='ltr'>turnitate</span> <span class='ocrx_word' id='word_1_377' title='bbox 1915 3622 2256 3672; x_wconf 83' lang='lat' dir='ltr'>initiabantur</span> <span class='ocrx_word' id='word_1_378' title='bbox 2298 3622 2460 3686; x_wconf 89' lang='lat' dir='ltr'>ipsius</span> <span class='ocrx_word' id='word_1_379' title='bbox 2505 3623 2692 3684; x_wconf 87' lang='lat' dir='ltr'>sacris,</span> 
     </span>
     <span class='ocr_line' id='line_1_60' title="bbox 1618 3696 2722 3764; baseline -0.004 -12"><span class='ocrx_word' id='word_1_380' title='bbox 1618 3707 1678 3752; x_wconf 92' lang='lat' dir='ltr'>ut</span> <span class='ocrx_word' id='word_1_381' title='bbox 1691 3701 1755 3751; x_wconf 84' lang='lat' dir='ltr'>ad</span> <span class='ocrx_word' id='word_1_382' title='bbox 1772 3699 2018 3751; x_wconf 85' lang='lat' dir='ltr'>Coelestia</span> <span class='ocrx_word' id='word_1_383' title='bbox 2030 3700 2288 3764; x_wconf 77' lang='lat' dir='ltr'>capienda</span> <span class='ocrx_word' id='word_1_384' title='bbox 2300 3706 2475 3749; x_wconf 86' lang='lat' dir='ltr'>essent</span> <span class='ocrx_word' id='word_1_385' title='bbox 2494 3700 2690 3748; x_wconf 85' lang='lat' dir='ltr'>idonei.</span> <span class='ocrx_word' id='word_1_386' title='bbox 2712 3696 2722 3707; x_wconf 83' lang='lat'><strong><em>‘</em></strong></span> 
     </span>
    </p>

    <p class='ocr_par' dir='ltr' id='par_1_14' title="bbox 1616 3774 2692 3996">
     <span class='ocr_line' id='line_1_61' title="bbox 1681 3774 2692 3842; baseline -0.006 -14"><span class='ocrx_word' id='word_1_387' title='bbox 1681 3782 1746 3828; x_wconf 82' lang='lat'>92</span> <span class='ocrx_word' id='word_1_388' title='bbox 1779 3776 1963 3840; x_wconf 73' lang='lat' dir='ltr'>Mqior]</span> <span class='ocrx_word' id='word_1_389' title='bbox 2010 3776 2299 3841; x_wconf 87' lang='lat' dir='ltr'>Copiosior,</span> <span class='ocrx_word' id='word_1_390' title='bbox 2321 3783 2572 3842; x_wconf 87' lang='lat' dir='ltr'>tanquam</span> <span class='ocrx_word' id='word_1_391' title='bbox 2594 3774 2692 3826; x_wconf 71' lang='lat' dir='ltr'>flu·</span> 
     </span>
     <span class='ocr_line' id='line_1_62' title="bbox 1616 3853 2690 3918; baseline -0.002 -15"><span class='ocrx_word' id='word_1_392' title='bbox 1616 3853 1748 3917; x_wconf 84' lang='lat' dir='ltr'>vius,</span> <span class='ocrx_word' id='word_1_393' title='bbox 1792 3855 1878 3918; x_wconf 87' lang='lat' dir='ltr'>qui</span> <span class='ocrx_word' id='word_1_394' title='bbox 1925 3865 2044 3903; x_wconf 85' lang='lat' dir='ltr'>cum</span> <span class='ocrx_word' id='word_1_395' title='bbox 2100 3853 2354 3916; x_wconf 85' lang='lat' dir='ltr'>tantisper</span> <span class='ocrx_word' id='word_1_396' title='bbox 2408 3853 2690 3916; x_wconf 84' lang='lat' dir='ltr'>retinetur,</span> 
     </span>
     <span class='ocr_line' id='line_1_63' title="bbox 1618 3930 2579 3996; baseline -0.001 -15"><span class='ocrx_word' id='word_1_397' title='bbox 1618 3937 1799 3996; x_wconf 87' lang='lat' dir='ltr'>postea</span> <span class='ocrx_word' id='word_1_398' title='bbox 1822 3931 1932 3980; x_wconf 86' lang='lat' dir='ltr'>exit</span> <span class='ocrx_word' id='word_1_399' title='bbox 1954 3930 2116 3994; x_wconf 81' lang='lat' dir='ltr'>maJor</span> <span class='ocrx_word' id='word_1_400' title='bbox 2141 3938 2195 3980; x_wconf 85' lang='lat' dir='ltr'>et</span> <span class='ocrx_word' id='word_1_401' title='bbox 2221 3930 2579 3980; x_wconf 77' lang='lat' dir='ltr'>abundantior.</span> 
     </span>
    </p>

    <p class='ocr_par' dir='ltr' id='par_1_15' title="bbox 1615 4007 2691 4384">
     <span class='ocr_line' id='line_1_64' title="bbox 1681 4007 2691 4070; baseline -0.003 -11"><span class='ocrx_word' id='word_1_402' title='bbox 1681 4013 1744 4060; x_wconf 74' lang='lat'>98</span> <span class='ocrx_word' id='word_1_403' title='bbox 1784 4007 2054 4070; x_wconf 64' lang='lat' dir='ltr'>Ornatur]</span> <span class='ocrx_word' id='word_1_404' title='bbox 2105 4008 2442 4057; x_wconf 84' lang='lat' dir='ltr'>Illustrantur</span> <span class='ocrx_word' id='word_1_405' title='bbox 2472 4007 2691 4056; x_wconf 72' lang='lat' dir='ltr'>a&#39;lheo-</span> 
     </span>
     <span class='ocr_line' id='line_1_65' title="bbox 1615 4083 2690 4150; baseline -0.005 -13"><span class='ocrx_word' id='word_1_406' title='bbox 1615 4087 1762 4147; x_wconf 82' lang='lat' dir='ltr'>dom,</span> <span class='ocrx_word' id='word_1_407' title='bbox 1775 4085 1983 4150; x_wconf 87' lang='lat' dir='ltr'>scriptis</span> <span class='ocrx_word' id='word_1_408' title='bbox 1998 4085 2402 4147; x_wconf 85' lang='lat' dir='ltr'>elegantibus,et</span> <span class='ocrx_word' id='word_1_409' title='bbox 2415 4084 2509 4132; x_wconf 86' lang='lat' dir='ltr'>sub</span> <span class='ocrx_word' id='word_1_410' title='bbox 2521 4083 2690 4132; x_wconf 81' lang='lat' dir='ltr'>Theo·</span> 
     </span>
     <span class='ocr_line' id='line_1_66' title="bbox 1617 4162 2685 4227; baseline -0.003 -14"><span class='ocrx_word' id='word_1_411' title='bbox 1617 4163 1765 4227; x_wconf 92' lang='lat' dir='ltr'>doro,</span> <span class='ocrx_word' id='word_1_412' title='bbox 1792 4163 2035 4214; x_wconf 83' lang='lat' dir='ltr'>Nobiliore</span> <span class='ocrx_word' id='word_1_413' title='bbox 2066 4163 2312 4224; x_wconf 79' lang='lat' dir='ltr'>Magistro</span> <span class='ocrx_word' id='word_1_414' title='bbox 2335 4177 2490 4227; x_wconf 89' lang='lat' dir='ltr'>quam</span> <span class='ocrx_word' id='word_1_415' title='bbox 2528 4162 2685 4211; x_wconf 86' lang='lat' dir='ltr'>Plato</span> 
     </span>
     <span class='ocr_line' id='line_1_67' title="bbox 1618 4238 2686 4303; baseline -0.004 -12"><span class='ocrx_word' id='word_1_416' title='bbox 1618 4241 1737 4292; x_wconf 84' lang='lat' dir='ltr'>fuit.</span> <span class='ocrx_word' id='word_1_417' title='bbox 1788 4239 2088 4302; x_wconf 85' lang='lat' dir='ltr'>Academia,</span> <span class='ocrx_word' id='word_1_418' title='bbox 2108 4241 2206 4288; x_wconf 91' lang='lat' dir='ltr'>hoc</span> <span class='ocrx_word' id='word_1_419' title='bbox 2226 4245 2311 4289; x_wconf 84' lang='lat' dir='ltr'>est</span> <span class='ocrx_word' id='word_1_420' title='bbox 2333 4238 2686 4303; x_wconf 75' lang='lat' dir='ltr'>Philosophia,</span> 
     </span>
     <span class='ocr_line' id='line_1_68' title="bbox 1616 4314 2681 4384; baseline -0.005 -15"><span class='ocrx_word' id='word_1_421' title='bbox 1616 4317 1885 4384; x_wconf 82' lang='lat' dir='ltr'>omnisque</span> <span class='ocrx_word' id='word_1_422' title='bbox 1903 4317 2161 4383; x_wconf 84' lang='lat' dir='ltr'>doctrina,</span> <span class='ocrx_word' id='word_1_423' title='bbox 2173 4315 2361 4383; x_wconf 70' lang='lat' dir='ltr'>transit</span> <span class='ocrx_word' id='word_1_424' title='bbox 2377 4314 2431 4364; x_wconf 88' lang='lat' dir='ltr'>in</span> <span class='ocrx_word' id='word_1_425' title='bbox 2450 4314 2681 4365; x_wconf 85' lang='lat' dir='ltr'>ltaliam.</span> 
     </span>
    </p>
   </div>
  </div>
 </body>
</html>
