2925 4928
549 381 639 448 28
1270 418 1281 427 -
1370 398 1767 447 Pnonncom
1783 398 1930 447 ENA

554 543 745 626 cujus
774 541 987 608 fronte
1018 544 1187 608 nunc
1215 542 1470 625 legitur,
1491 543 1620 633 vix}
1651 544 1945 625 pertinet,
1974 562 2184 625 neque
2214 543 2428 624 magis
2465 559 2716 617 xxxx
2734 559 2820 617 γ,

556 644 743 709 Nihil
773 649 945 711 enim
996 648 1065 709 in
1097 647 1231 709 illis
1264 653 1389 722 est,
1438 646 1615 727 quod
1649 646 1732 708 ad
1787 665 1887 722 ea,
1946 646 2191 727 quibus
2243 648 2823 728 praemittuntur,

553 749 774 830 possit
800 750 993 813 trahi.
1083 750 1241 813 Hoc
1273 757 1487 815 autem
1509 768 1736 812 omnes
1767 749 1901 812 sere
1923 749 2162 819 habent
2189 747 2813 831 praefatiunculae,

551 855 627 915 ut
656 852 742 933 iis
772 852 1020 935 aliquid
1049 853 1230 928 insit,
1278 872 1365 915 ex
1390 853 1635 934 quibus
1666 858 1815 913 tuto
1847 852 2148 932 colligaS‚
2187 872 2500 935 quorsum
2554 851 2815 933 perti-

552 960 774 1017 neant.
848 954 1171 1029 ‚Ceterum
1219 956 1367 1033 haec
1399 954 1535 1017 duo
1579 956 1877 1017 carmina
1902 955 2000 1017 illi
2054 955 2274 1036 epiCO,
2305 948 2572 1018 etiamsi
2599 946 2813 1018 inte-

554 1077 741 1140 grum
794 1058 881 1121 ad
929 1080 1051 1123 nos
1094 1060 1532 1142 pervenisset,
1564 1059 1806 1122 virtute
1854 1056 2124 1140 poetica
2175 1058 2468 1138 palmam
2519 1057 2838 1140 praei-ir

551 1160 769 1243 piunt,
792 1163 931 1240 ,nisi
962 1162 1344 1244 dignitatem
1368 1163 1680 1227 carminis
1704 1160 2105 1243 decempeda
2132 1161 2447 1222 metiaris.

640 1262 920 1343 Carmen
945 1267 1229 1346 epicum,
1258 1266 1439 1349 quod
1465 1267 1664 1346 vulgo
1691 1261 1795 1326 De
1825 1274 2013 1346 raptu
2038 1261 2424 1347 Proserpinae
2449 1264 2804 1342 barbare,

551 1371 626 1431 ut
674 1367 1015 1431 existimat
1045 1367 1394 1446 HeinsiuS,
1442 1367 1562 1450 qui
1613 1376 1827 1449 raptus
1876 1365 2799 1451 Proserpinaecorrigendum

555 1477 802 1547 censet,
833 1470 1221 1553 inscriptum
1250 1477 1371 1548 est,
1421 1473 1507 1535 ab
1557 1472 1838 1547 actione,
1869 1489 2069 1553 quam
2117 1470 2330 1533 voluit
2374 1470 2797 1552 primariam

554 1572 757 1656 poeta
801 1594 971 1652 esse,
1004 1574 1263 1638 titulum
1293 1576 1523 1653 traxit,
1575 1595 1771 1658 quem
1804 1575 1928 1640 etsi
1955 1594 2150 1637 nemo
2180 1573 2379 1637 facile
2410 1574 2793 1641 contendet

553 1662 705 1753 esse
725 1678 1103 1759 genuinum,
1116 1678 1630 1751 tamensimilem
1648 1677 1813 1742 illud
1835 1696 2098 1741 carmen
2115 1676 2183 1741 in
2206 1676 2427 1741 fronte.
2441 1662 2787 1759 gessisse,

554 1778 795 1860 docent
816 1782 1022 1844 verba
1044 1780 1301 1845 Sidonii
1319 1779 1731 1866 Apollinaris
1754 1798 1870 1846 ιΧ.
1889 1781 2041 1846 271.
2058 1800 2217 1862 sqq.
2310 1777 2590 1844 Omnem
2628 1780 2785 1845 dis-

518 1900 523 1905 ·
552 1883 962 1965 putationem
986 1904 1075 1947 ex
1092 1883 1208 1948 illa
1224 1887 1596 1967 quaestione
1625 1891 1859 1960 ortam,
1878 1902 2036 1946 num
2054 1882 2284 1946 fabula
2307 1881 2389 1959 de
2421 1879 2684 1947 Cerere?
2706 1887 2785 1945 et

553 1984 964 2068 Proserpina
1000 1987 1312 2069 ,praebere
1358 1987 1643 2069 potuerit
1688 1985 2026 2048 materiam
2058 1983 2334 2063 carmini
2364 1983 2561 2065 epico
2594 1984 2780 2047 satis

552 2085 887 2164 idoneam,
916 2108 1158 2153 vanam
1187 2094 1348 2171 puto
1388 2095 1454 2153 et
1500 2088 1784 2163 inanem,
1817 2106 1991 2162 cum,
2044 2085 2206 2167 quid
2253 2084 2579 2165 ingenium
2641 2086 2780 2148 ali-

554 2188 733 2270 quod
765 2188 927 2267 selix
959 2195 1025 2252 et
1071 2209 1113 2252 a
1156 2193 1396 2267 natura
1446 2190 1726 2270 benigne
1779 2188 2164 2261 instructum
2211 2186 2432 2270 possit
2461 2184 2775 2264 efficere,

554 2289 819 2371 definire
847 2312 1162 2375 nequeam
1194 2312 1338 2368 nec,
1370 2293 1431 2356 si
1481 2292 1584 2356 vel
1632 2292 1940 2374 pluribus
1969 2297 2204 2367 conata
2233 2288 2408 2352 haud
2439 2308 2774 2372 prospere

554 2395 896 2473 cesserint,
928 2415 1057 2459 non
1095 2395 1244 2476 inde
1276 2384 1624 2480 sequetur,
1675 2399 2153 2478 argumentum,
2187 2392 2368 2476 quod
2413 2392 2769 2457 incassum

553 2496 751 2558 toties
781 2502 1100 2575 tentatum
1129 2499 1235 2576 sit,
1270 2500 1356 2562 ab
1384 2498 1766 2581 hujusmodi
1797 2498 2180 2561 tractatione
2209 2515 2482 2579 prorsus
2514 2496 2765 2560 abhor-

550 2615 711 2678 rere.
805 2597 1014 2664 Recte
1043 2602 1309 2685 quidem
1338 2601 1612 2680 dixeriS,
1645 2621 1780 2684 quo
1805 2601 2074 2665 uberior
2102 2619 2206 2663 res
2234 2600 2343 2677 sit,
2392 2620 2595 2681 quam
2637 2600 2774 2668 tibi.

552 2703 1002 2782 proposueriS‚
1043 2705 1535 2780 eofaciliorem
1585 2704 1775 2768 reddi
1816 2705 2135 2779 laborem,
2179 2704 2435 2785 quippe
2482 2703 2644 2785 quia
2686 2705 2768 2776 in,

551 2821 769 2865 rerum
815 2807 1015 2887 copia
1043 2808 1363 2884 electione
1392 2814 1640 2872 tantum
1666 2828 1838 2892 opus
1870 2808 1959 2871 sit
1994 2812 2059 2870 et
2098 2806 2390 2888 diligenti
2421 2808 2760 2890 composi-

552 2903 768 2969 tione:
835 2907 1165 2988 ingenium
1193 2901 1412 2974 tamen
1461 2909 1613 2984 fons
1656 2918 1759 2975 est
1808 2897 2021 2973 rerum
2067 2909 2532 2986 inexhaustuS,
2577 2910 2762 2982 unde,

554 3025 819 3090 semper
842 3008 1142 3093 depromi
1175 3018 1477 3095 possunt,
1508 3034 1658 3096 quae
1691 3019 2067 3095 argumento
2097 3012 2335 3090 desint,
2368 3012 2464 3075 ita
2493 3017 2563 3076 ut
2588 3012 2753 3077 nihil

484 3167 487 3170 .
552 3112 1006 3194 *tamisimplex
1036 3116 1126 3184 sit
1158 3123 1248 3193 ,et
1296 3103 1511 3193 tenue,
1566 3103 1744 3199 quod
1774 3136 1906 3192 non
1946 3116 2338 3181 tractatione
2367 3114 2507 3179 fieri
2536 3115 2754 3198 possit

552 3212 842 3292 uberius
896 3263 907 3268 -
953 3214 1180 3293 Quid?
1258 3219 1470 3283 Iliade
1525 3220 1788 3301 penitus
1847 3220 2200 3299 incognita,
2264 3219 2325 3282 si
2378 3219 2529 3301 quis
2578 3220 2757 3282 iram1

551 3310 834 3379 Achillis
884 3338 1040 3396 cum
1092 3320 1507 3405 Proserpinae
1560 3327 1753 3403 raptu
1807 3324 2029 3386 animo
2076 3321 2516 3399 contenderet,
2537 3324 2744 3398 utram

550 3436 691 3482 rem
741 3426 807 3482 et
846 3423 1211 3502 graviorem
1259 3430 1325 3488 et
1373 3426 1735 3488 uberiorem
1775 3425 2159 3509 judicareti
2203 3493 2210 3496 K
2252 3423 2425 3502 Quae
2460 3443 2603 3487 cum
2650 3422 2744 3487 ita

549 3519 705 3598 sint,
747 3525 1066 3589 neminem
1096 3547 1359 3602 movere
1390 3527 1651 3605 debent,
1699 3550 1848 3613 quae
1876 3527 2226 3592 Walchius
2259 3533 2491 3590 contra
2518 3525 2740 3609 dispu-

549 3625 765 3690 tavit.'
829 3626 1032 3707 Quin,
1083 3633 1211 3712 qui,
1242 3638 1460 3714 neget,
1514 3632 1844 3695 actionem
1895 3632 2076 3718 illam
2118 3649 2251 3694 non
2295 3635 2434 3695 tam
2482 3628 2738 3718 quidem

549 3743 673 3807 per
701 3745 793 3802 se,
819 3749 1021 3810 quam
1052 3739 1322 3815 propter
1342 3754 1447 3811 ea,
1466 3754 1619 3815 quae
1645 3739 1878 3798 secuta
1905 3733 2077 3810 sunt,
2094 3753 2239 3797 esse
2267 3731 2738 3814 gravissimam,¹

543 3827 827 3893 arbitror
853 3851 1000 3895 esse
1033 3837 1376 3899 neminem.
1469 3836 1651 3915 Quid
1680 3837 1853 3900 enim
1899 3835 2132 3916 magiS,
2181 3852 2318 3897 non
2368 3833 2455 3896 ad
2505 3838 2734 3906 certam

536 3929 844 4014 ,aliquam
875 3943 1147 4022 gentem,
1192 3938 1312 4000 sed
1341 3939 1425 4001 ad
1457 3959 1648 4003 omne
1684 3957 1887 4022 genus
1916 3939 2272 4014 humanum
2299 3941 2520 4019 potest
2544 3926 2728 4020 perti·

549 4050 729 4115 nere,
765 4053 961 4115 quam
996 4038 1416 4118 agriculturae
1445 4042 1760 4117 inventiO,
1793 4038 1980 4116 ‚unde
2009 4039 2266 4103 semina
2309 4040 2504 4102 simul
2532 4038 2725 4122 omnis

549 4134 974 4203 humanitatis
1004 4140 1294 4226 vitaeque
1323 4144 1623 4212 cultioris
1670 4151 1738 4208 et
1783 4162 2019 4227 sparsa
2049 4149 2203 4234 sunt
2245 4149 2313 4208 et
2358 4141 2719 4208 effloruere?

549 4235 752 4305 Hanc
779 4259 916 4309 rem
955 4244 1052 4309 ita
1079 4248 1379 4327 tractare,
1403 4253 1482 4313 ut
1509 4246 1858 4313 admiratio
1887 4246 2040 4311 inde
2078 4251 2145 4313 et
2183 4245 2528 4313 delectatio
2556 4244 2722 4312 audi-
