2925 4928
896 426 986 481 m.
1030 426 1473 477 nurnopmm
1523 427 1591 474 m
1608 428 1670 476 B..
1690 434 1699 441 ·
1723 427 1806 475 ιι.
2321 411 2463 480 541

249 586 474 673 Thyni
503 587 803 654 Thraces
832 594 1039 666 erant,
1064 608 1219 673 quae
1241 610 1418 655 nunc
1448 589 1769 674 Bithynia
1796 580 2030 655 fertur.

249 691 494 775 Nuper
525 692 612 756 ab
641 691 915 757 Oceano
948 692 1301 757 Gallorum
1330 694 1662 758 exercitus
1688 692 1922 775 ingens

249 793 421 873 Illis,
454 800 608 859 ante
639 814 869 877 vaguS‚
903 796 1168 858 tandem
1200 796 1590 877 regionibus
1616 796 1832 874 haesit,

250 895 568 980 Gesaque
599 898 939 981 deposuit,
972 896 1184 963 Graio
1208 900 1351 982 jam
1382 901 1569 963 mitis
1597 901 1871 975 amictu,
2328 898 2460 965 250

249 1000 388 1063 Pro
413 1000 652 1065 Rheno
681 1008 954 1086 poturus
975 1002 1237 1088 Halyn.
1328 1003 1469 1067 Dat
1500 1011 1739 1067 cuncta
1772 1005 2068 1068 vetustas

249 1102 676 1187 Principium
706 1104 1120 1188 Phrygibus:
1162 1125 1288 1169 nec
1320 1124 1440 1169 rex
1471 1105 1835 1189 AEgyptius
1858 1104 2030 1169 ultra

251 1203 555 1282 Restitit,
580 1205 850 1270 humani
885 1211 1244 1288 postquam
1278 1227 1442 1289 puer
1471 1207 1697 1271 uberis
1728 1226 1972 1290 expers

249 1305 332 1370 In
362 1307 722 1392 Phrygiam
752 1311 1038 1392 primum
1068 1311 1331 1375 laxavit
1361 1329 1696 1374 murmura
1725 1329 1985 1375 vocem.

251 1409 394 1473 Hic
427 1411 671 1473 cecidit
702 1411 987 1496 Libycis
1009 1412 1266 1496 jactata
1296 1413 1658 1495 paludibus
1687 1414 1848 1477 olim
2321 1410 2463 1481 255

248 1511 475 1591 Tibia,
507 1512 832 1585 soedatam
863 1534 1018 1577 oum
1046 1513 1331 1580 reddidit
1359 1518 1596 1580 umbra
1625 1516 2024 1581 Minervam.

254 1721 409 1785 Thyni
448 1719 651 1768 Thraces
687 1721 844 1769 colunt
882 1726 1099 1783 partem,
1131 1737 1234 1785 quoe
1271 1737 1392 1772 nunc
1425 1722 1664 1786 Bithynia
1700 1723 1894 1773 dicitur.
1980 1721 2192 1784 Magnus
2223 1719 2460 1770 exercitus

255 1786 507 1834 Gallorum
524 1799 671 1847 nuper
693 1783 960 1847 profectus
1000 1786 1059 1834 ab
1086 1787 1291 1849 Oceano,
1331 1789 1468 1852 prius
1488 1803 1666 1853 mans,
1700 1791 1884 1837 demum
1902 1787 2029 1853 fixit
2068 1787 2243 1835 sedem
2274 1786 2324 1834 in
2367 1785 2467 1833 oris

249 1850 370 1911 illis,
393 1854 440 1898 et
461 1849 629 1909 abjecit
652 1852 766 1911 tela,
790 1850 898 1910 jam
935 1851 1085 1900 lenior
1105 1850 1279 1901 factus
1316 1860 1442 1901 veste
1468 1853 1659 1912 Groeca,
1691 1854 1923 1903 bibiturus
1957 1853 2124 1917 Halyn
2156 1866 2244 1919 pro
2285 1849 2465 1899 Rheno.

248 1915 532 1978 Antiquitas
551 1917 702 1963 omnis
722 1917 808 1963 dat
828 1915 1024 1965 initium
1064 1916 1338 1980 Phrygibus
1354 1935 1370 1966 .-
1399 1933 1545 1980 neque
1568 1919 1679 1967 Rex
1705 1919 1967 1983 AEgyptius
1988 1916 2227 1966 contendit
2247 1914 2466 1975 ulterius,

246 1984 557 2043 posteaquam
571 1994 689 2043 puer
708 1979 883 2028 inscius
901 1996 1115 2029 mamma?
1148 1983 1375 2044 mulieris,
1406 1983 1599 2032 resolvit
1636 1984 1846 2044 linguam
1883 1984 2088 2046 primum
2130 1981 2182 2030 in
2210 1994 2467 2029 sermonem

250 2045 546 2109 Phrygium.
613 2044 676 2092 In
700 2045 822 2092 hunc
858 2045 1026 2093 locum
1066 2045 1185 2095 tibia
1220 2048 1426 2110 projecta
1448 2050 1680 2110 quondam
1702 2049 1751 2095 in
1772 2049 1970 2110 paludes
1990 2047 2193 2110 Libycas
2212 2047 2342 2108 lapsa
2376 2048 2467 2104 est,

249 2125 357 2160 cum
373 2110 530 2172 imago
557 2110 759 2158 ostendit
783 2110 1028 2160 Palladem
1047 2110 1389 2170 deformatam.-
1423 2114 1501 2162 hic
1525 2118 1573 2162 et
1606 2118 1772 2177 pastor
1792 2114 2028 2177 Marsyas
2064 2115 2314 2175 superatus
2350 2111 2458 2173 lyra

1188 2238 1545 2258 OOO‘OOOO‘O‘O

252 2310 352 2356 247
390 2306 594 2356 Thraces
615 2311 751 2355 erant
793 2306 945 2371 Tinyni
983 2305 1163 2356 Ambr.
1184 2322 1288 2356 sec.
1312 2311 1449 2356 arant
1471 2309 1594 2357 Vat.
1620 2323 1698 2372 pr.
1735 2314 1790 2357 et
1810 2314 1935 2357 tert.
1959 2306 2100 2356 Prie.
2124 2306 2327 2355 Bonon.
2356 2302 2470 2353 Ox·

253 2386 339 2423 on.
378 2387 484 2421 sec.
518 2373 658 2421 Vat.'
686 2373 849 2419 Livin.
886 2373 1048 2423 Gesn.
1078 2380 1132 2421 et
1168 2372 1248 2421 ed.
1289 2372 1502 2436 Bipont.
1526 2380 1661 2422 erant
1682 2380 1787 2422 tres
1809 2374 1953 2425 Vatt.
1994 2371 2108 2420 Pal.
2134 2371 2288 2423 Farn.
2315 2371 2466 2422 Rott.

253 2437 419 2487 Oisel.
451 2438 581 2488 Exc.
615 2437 931 2490 Laeti—248
982 2437 1229 2487 Gallorum
1273 2438 1387 2487 Pat.
1429 2453 1498 2488 m.
1541 2454 1618 2504 pr.
1653 2439 1894 2494 Bellorum
1934 2438 2017 2487 vel
2061 2437 2306 2486 Gallorum
2346 2436 2468 2486 Put.

252 2502 442 2553 Ambr.
483 2506 756 2557 sem—250
803 2503 1002 2565 Telaque
1035 2504 1227 2552 Moret.
1257 2518 1348 2568 pr.
1399 2503 1633 2567 disposuit
1676 2506 1909 2558 Florent.
1948 2504 2145 2554 Thuan.
2180 2503 2305 2550 Vat.
2347 2507 2470 2550 tert.

256 2567 529 2628 Grqjojam
550 2569 669 2617 Vat.
691 2567 858 2631 quint.
897 2567 1022 2617 Jun.
1063 2575 1118 2616 et
1141 2569 1315 2617 Oxou.
1342 2583 1421 2631 pr.
1446 2569 1567 2618 Ald.
1594 2571 1722 2619 Exo.
1750 2569 1882 2619 Gev.
1905 2568 2014 2627 jam
2042 2566 2198 2632 Grqp‘o
2235 2566 2468 2615 Floreat.

253 2641 479 2696 quatuor
502 2632 647 2682 Med.
672 2633 795 2681 Put.
830 2632 1025 2685 Thuan.
1067 2634 1261 2683 Mazar.
1298 2633 1418 2684 Pat.
1461 2634 1588 2683 Lov.
1623 2634 1726 2683 duo
1763 2635 1949 2683 Petav.
1991 2638 2098 2681 tres
2140 2630 2325 2682 Ambr.
2363 2631 2468 2679 inc.

257 2698 448 2748 Heius.
465 2698 595 2750 Exc.
630 2698 847 2746 Lucens.
884 2711 961 2759 pr.
983 2698 1084 2749 Ms.
1104 2696 1273 2747 Pulm.
1298 2696 1415 2746 edd.
1440 2696 1560 2747 Ald.
1581 2699 1746 2748 Colin.
1785 2698 2007 2761 Raphel.
2026 2696 2199 2762 Parm.
2220 2702 2275 2744 et
2292 2695 2467 2746 Vicet.

250 2767 417 2813 -251
457 2763 641 2828 Halym
663 2777 838 2811 omnes
861 2763 1006 2810 Vatt.
1032 2761 1146 2818 Pan,
1169 2763 1316 2812 Rott.
1339 2762 1672 2813 Omen—252
1705 2779 1796 2813 non
1817 2779 1907 2811 rex
1931 2763 2285 2820 Maisan—253
2322 2760 2469 2809 Isidis

253 2842 424 2891 expers
444 2828 573 2877 Exc.
592 2828 809 2876 Lucens.
832 2841 936 2875 sec.
960 2826 1201 2889 apposito
1241 2833 1297 2890 -Ι-
1336 2827 1504 2891 signo,
1536 2843 1634 2893 quo
1656 2828 1914 2877 indicatur
1937 2835 2166 2877 veterem
2190 2825 2469 2876 lectionem

256 2893 349 2941 aut
373 2907 571 2942 erasam
596 2900 686 2942 aut
709 2893 1075 2955 interpolatam
1116 2907 1249 2940 esse.
1281 2897 1385 2955 post
1429 2898 1618 2956 captum
1655 2896 1835 2950 culmen
1872 2892 2058 2946 honoris
2102 2907 2196 2956 pro
2226 2896 2471 2956 postquam

252 2968 373 3021 puer
394 2958 552 3007 uberis
577 2973 744 3021 expers
766 2958 949 3007 Petav.
973 2961 1238 3009 see—254
1274 2958 1342 3005 Et
1379 2957 1599 3022 Phrygia
1631 2959 1837 3022 primum
1877 2959 2057 3007 laxavit
2094 2971 2333 3005 murmura
2364 2969 2471 3004 voce

254 3022 531 3074 Med.'sec.
563 3023 746 3085 primus
767 3023 1046 3072 Pan—255
1082 3024 1251 3071 cecidit
1277 3029 1499 3086 quatuor
1531 3024 1677 3073 Med.
1716 3024 1836 3072 Put.
1877 3024 2005 3087 Reg.
2048 3023 2240 3071 Thuan.
2276 3019 2472 3070 Mazar.

256 3088 362 3136 duo
400 3087 584 3136 Petav.
608 3088 730 3136 Pat.
752 3087 960 3136 Tholos.
986 3094 1091 3136 tres
1115 3087 1294 3135 Amhr.
1317 3087 1417 3137 ine.
1442 3087 1623 3137 Heins.
1647 3090 1775 3137 Exc.
1804 3091 2021 3137 Lucens.
2061 3103 2138 3150 pr.
2180 3086 2262 3135 ed.
2296 3086 2470 3134 Vicet.

255 3153 379 3202 Var.
413 3152 517 3202 LL.
543 3168 569 3200 e
594 3167 759 3215 marg.
777 3152 950 3200 Parm.
985 3152 1153 3201 cecinit
1176 3152 1301 3201 vat.
1323 3153 1491 3204 Livin.
1526 3155 1696 3203 cecidit
1720 3155 1798 3203 vel
1821 3153 1988 3202 cecinit
2010 3153 2239 3202 Florem.
2279 3150 2377 3198 Hic
2400 3165 2473 3198 ce-

255 3217 378 3269 cidit
400 3219 482 3266 vel
507 3218 619 3267 Huc
640 3218 768 3266 venit
807 3218 993 3268 Petav.
1033 3222 1275 3281 pr.-256
1307 3219 1524 3268 redderet
1564 3220 1752 3268 Μαι-ει.
1790 3234 1866 3286 pr.
1900 3218 2059 3267 reddit
2094 3219 2219 3266 Exc.
2255 3216 2469 3265 Gevart.

1254 3379 1475 3431 NOTAE

275 3479 284 3558 f
324 3498 422 3545 248
460 3494 732 3559 Gallorum]
798 3493 928 3544 Inde
971 3492 1327 3557 Gallograecia
1405 3510 1537 3559 rum,
1578 3501 1634 3546 et
1683 3497 1858 3560 Phryx
1912 3497 2052 3544 inter
2092 3509 2147 3543 se
2191 3491 2473 3543 contende-

260 3572 529 3637 appellata
551 3580 668 3646 θείῃ
684 3586 799 3636 quae
824 3570 1001 3619 eadem
1027 3578 1105 3620 est
1128 3584 1189 3619 ac
1224 3570 1326 3622 Ga·
1405 3570 1553 3632 bant,
1592 3579 1707 3620 nter
1752 3572 1971 3635 populus
2013 3578 2152 3620 esset
2176 3568 2467 3633 antiquior:

260 3650 406 3724 latia.
729 3697 736 3720 2
1123 3681 1126 3684 -
1408 3654 1465 3697 at
1489 3647 1757 3712 utriusque
1803 3662 2055 3697 consensu
2093 3646 2317 3696 nutritus
2345 3655 2474 3708 puer

325 3732 424 3777 250
461 3727 612 3790 Gesa]
689 3726 852 3775 Arma
898 3724 1165 3778 Gallorum
1211 3739 1327 3788 pro-
1409 3725 1592 3788 procul
1626 3740 1656 3773 a
1693 3724 1898 3774 nutrice
1932 3723 2098 3774 fertur
2131 3724 2334 3772 locutus
2357 3734 2476 3768 esse

262 3805 382 3871 pria
402 3822 417 3868 3
454 3813 512 3855 ut
538 3806 644 3869 pila
668 3805 1036 3854 Romanorum.
1409 3801 1633 3863 primum
1656 3815 1943 3849 sermonem
1969 3798 2269 3867 Phrygium,
2292 3796 2473 3861 sicque

326 3886 423 3934 251
463 3874 653 3949 Halyn]
688 3883 897 3933 Fluvius
922 3890 1039 3933 est:
1075 3897 1141 3932 ex
1174 3881 1329 3932 Tauri
1408 3877 1692 3925 secundum
1737 3875 1998 3940 Phrygem
2036 3871 2373 3939 pronuntiare
2399 3870 2472 3919 vi·

261 3961 455 4026 montis
473 3961 733 4011 radicibus
756 3960 1022 4021 nascitur3
1059 3960 1331 4022 Cappado-
1409 3953 1648 4002 debatur.
1722 3953 1807 4000 De
1832 3952 2011 4001 eadem
2050 3965 2105 4000 re
2142 3946 2474 4000 contendisse

259 4038 382 4100 ciae,
404 4037 592 4102 Syriae‚
618 4044 673 4087 et
696 4037 1067 4100 Paphlagoniae
1089 4050 1242 4100 agros
1264 4035 1329 4083 ir·
1412 4029 1659 4077 dicuntur
1681 4029 1889 4093 Svythae
1912 4037 1965 4078 et
1988 4025 2241 4092 AEgyptiir

263 4115 437 4180 rjgat5
471 4121 528 4165 et
547 4114 599 4164 in
622 4115 850 4165 Pontum
874 4113 1133 4163 Euxinum
1166 4126 1221 4160 se
1241 4126 1327 4161 ex·
1475 4110 1572 4156 255
1607 4106 1829 4170 Libycis]
1872 4107 1934 4155 ln
1957 4105 2183 4153 natalem
2204 4099 2489 4162 Tritonida,

264 4198 467 4243 onerat.
1412 4181 1657 4247 paludem
1682 4183 1861 4247 Libyae
1880 4181 2084 4230 cecidit.
2149 4177 2258 4228 Alii
2296 4177 2487 4248 legunt,

284 4275 432 4329 ,252
463 4271 566 4319 Nec
601 4269 709 4317 Rex
731 4266 1011 4332 AEgyptius]
1068 4267 1331 4315 Psamme·
1411 4258 1596 4324 Lyciis.
1664 4260 1823 4323 Lycia
1844 4257 2084 4319 Phrygiae
2107 4255 2292 4304 vicina.
2391 4303 2421 4323 .·

268 4345 456 4412 tichos,
501 4331 885 4417 ex'l‘lerodoto,
926 4345 1042 4394 Rex
1066 4341 1332 4412 AEgyptio-
1476 4341 1577 4387 256
1615 4335 1775 4399 Tibia]
1825 4336 2062 4385 Minerva
2086 4331 2210 4383 tibia
2242 4327 2473 4397 ludebat,
