2925 4928
936 424 1018 475 m
1066 425 1184 476 οι.
1229 424 1768 477 anumANtm.
2341 410 2429 476 47

228 570 588 655 designata,
615 571 947 639 utstatim
973 571 1234 652 videas,
1281 573 1546 657 pulchri
1589 579 1656 638 et
1693 570 1957 638 venusti
1984 588 2278 648 sensum,
2307 570 2429 654 qui

229 675 463 740 ordine.
491 695 711 739 rerum
755 680 1053 760 aptaque
1102 675 1366 740 illarum
1395 675 1827 760 copulatione
1857 675 2158 752 cernitur,
2186 674 2429 758 ineptae

228 783 290 842 et
306 779 559 861 puerili
586 779 878 844 cessisse
905 778 1442 861 magnificentiae,
1500 799 1656 863 quae
1696 780 2150 862 imperitorum
2176 781 2435 849 tantum

232 881 460 946 oculos
516 886 778 966 pascat,
828 900 1150 947 nauseam
1205 901 1365 948 vero
1407 886 1674 946 moveat
1714 881 2017 962 genuinae
2083 879 2443 962 elegantiae*

233 983 648 1049 assuefactis.
742 983 855 1048 Ne
903 988 1127 1050 tamen
1168 984 1472 1068 iniquam
1511 984 1596 1048 de
1640 982 2010 1049 Claudiano
2040 976 2433 1047 sententiam

230 1085 540 1166 feramuS,
566 1085 721 1153 'hoc
781 1086 1133 1154 tenendum
1178 1093 1304 1168 est,
1353 1089 1422 1152 in
1471 1088 1587 1152 illo
1634 1089 1999 1152 carminum
2044 1104 2298 1168 genere,
2343 1083 2466 1148 ad‘

232 1189 404 1279 quod
428 1188 803 1256 necessitas
836 1192 1048 1274 magis
1074 1190 1259 1255 illum
1287 1190 1635 1274 compulit,
1663 1210 1864 1274 quam
1890 1189 2095 1254 animi
2123 1187 2434 1253 voluntas

233 1290 532 1371 adduxit,
564 1298 633 1357 et
685 1294 752 1358 in
794 1296 952 1378 quo,
1005 1293 1187 1377 quod
1236 1292 1539 1376 profecto
1566 1292 1920 1356 dolendum
1948 1296 2071 1369 est,
2097 1290 2435 1373 ingenium

235 1412 420 1458 suum
479 1395 665 1460 haud
709 1398 1042 1462 mediocre
1093 1399 1480 1474 consumsit,
1510 1395 1875 1480 plurimum*
1896 1396 2156 1460 illorum
2174 1392 2434 1478 judicio

234 1502 364 1561 erat
392 1496 713 1578 dandum,
741 1520 1015 1584 quorum
1045 1500 1277 1565 laudes
1300 1506 1526 1564 essent
1551 1501 1682 1564 sibi
1706 1498 2137 1564 celebrandae.
2224 1495 2305 1560 In
2329 1496 2434 1560 his

229 1599 419 1677 enim,
462 1620 596 1666 non
634 1602 816 1686 quod
852 1603 974 1666 tibi
1003 1602 1427 1684 magnificum
1460 1608 1528 1667 et
1545 1603 1954 1685 praeclarum
1978 1601 2298 1677 videatur,
2332 1598 2434 1662 di-

234 1703 519 1766 cendum
575 1709 699 1781 est,
750 1724 884 1769 non
939 1725 1020 1770 eo
1066 1705 1290 1783 modo,
1348 1705 1466 1790 qui
1514 1706 1698 1770 solus
1727 1712 1911 1770 recto
1940 1724 2148 1768 rerum
2171 1702 2437 1787 judicio

232 1807 449 1888 possit
477 1807 753 1889 probari
778 1828 796 1890 3
829 1807 949 1871 sed
966 1828 1069 1886 ea,
1101 1814 1380 1891 quorum
1404 1828 1615 1872 causa
1628 1808 1917 1872 maxime
1936 1807 2068 1871 sibi
2087 1804 2442 1891 plaudant,

231 1928 441 1992 caque
470 1910 744 1988 ratione,
797 1931 932 1994 qua
959 1913 1241 1976 obtusus
1268 1932 1496 1977 eorum
1541 1931 1775 1976 sensus
1799 1918 1865 1976 et
1877 1911 2229 1997 judicium,
2257 1909 2436 1973 nulla

232 2012 365 2077 fere
415 2013 715 2096 politiori
769 2014 1173 2080 humanitate
1210 2015 1575 2095 excultum,
1626 2015 1906 2080 laetetur.
1993 2014 2440 2079 Barbarorum

235 2114 457 2178 autem
483 2118 719 2181 obulos
749 2124 1031 2184 venusta
1060 2140 1273 2184 rerum
1303 2119 1515 2183 forma
1560 2138 1708 2183 raro
1736 2120 1802 2182 in
1850 2138 1923 2182 se
1966 2117 2137 2182 solet
2165 2135 2448 2181 conver--

236 2226 413 2299 tere3
465 2224 604 2297 aut,
653 2222 915 2286 etiamsi
955 2229 1212 2287 naturae
1259 2223 1586 2287 beneficio
1631 2223 1964 2286 molliores
1986 2239 2223 2284 sensus
2251 2217 2438 2283 nacti

235 2323 387 2400 sint,
433 2328 663 2387 tamen
680 2394 683 2397 ,
703 2326 981 2389 materia
1022 2327 1181 2408 ipsa
1213 2324 1494 2389 formam
1537 2323 1957 2390 commendet
2000 2342 2270 2388 necesse
2291 2334 2296 2339 ’
2314 2326 2440 2400 est,

234 2430 440 2511 quam
489 2427 628 2492 sint
683 2428 1088 2495 admiraturi.
1178 2429 1259 2494 In
1302 2428 1541 2494 iisdem
1586 2428 1993 2493 carminibus
2032 2426 2237 2492 nimio
2281 2425 2440 2490 artis

236 2530 652 2596 ostentandae
683 2531 908 2597 studio
937 2532 1243 2597 laborant
1262 2533 1471 2596 etiam
1500 2551 1727 2597 omnes
1756 2532 1889 2596 fere
1910 2531 2440 2617 comparationes

236 2638 302 2697 et
324 2634 819 2713 similitudineS,
867 2656 1045 2719 quae,
1077 2656 1233 2700 cum
1262 2637 1350 2700 ad
1377 2641 1706 2714 ornatum,
1739 2636 1848 2699 cui
1872 2635 1941 2699 in
1961 2635 2084 2699 illo
2113 2631 2445 2698 scribendi

240 2756 473 2819 genere
491 2739 784 2802 maxime
816 2738 1191 2816 inservitur,
1221 2739 1617 2822 pertineant,
1646 2737 2051 2821 frequentius
2072 2739 2443 2801 occurrunt.

241 2839 459 2905 Plane
490 2859 669 2905 nova
710 2841 1003 2905 invenire
1042 2842 1112 2904 in
1158 2845 1342 2905 tanta
1371 2839 1746 2924 poetarum,
1795 2840 1910 2923 qui
1938 2841 2446 2923 praecesserant,

238 2942 684 3021 multitudine,
716 2943 987 3008 difficile
1013 2949 1155 3009 erat
1180 2949 1247 3008 et
1275 2944 1545 3009 omnino
1569 2943 1846 3009 arduum
1872 2944 1959 3022 ei,
2008 2944 2120 3028 qui
2149 2963 2191 3007 a
2216 2940 2444 3026 pueris

240 3046 325 3110 ad
377 3047 820 3112 imitationem
868 3048 1142 3113 aliorum
1180 3048 1516 3132 ingenium
1560 3067 1753 3112 suum
1802 3051 2302 3130 composuerat;
2333 3044 2446 3109 de-

238 3154 515 3215 cantata
574 3156 792 3215 autem
830 3156 1141 3236 ⁸repetere
1197 3171 1329 3215 non
1373 3158 1518 3215 erat
1567 3149 1813 3234 poctae,
1866 3150 2181 3232 ingeniosi
2210 3168 2448 3215 nomen

240 3253 372 3317 sibi
402 3252 851 3319 vindicantis:
899 3256 1116 3319 omnis
1165 3254 1360 3336 igitur
1388 3273 1599 3339 opera
1628 3253 1695 3318 in
1737 3253 2096 3331 variandiS,
2125 3271 2447 3318 exornan-

238 3356 363 3434 dis,
403 3359 476 3419 et
521 3355 889 3420 dilatandis
945 3361 1086 3421 erat
1133 3356 1597 3440 impendenda,
1655 3358 1727 3421 in
1771 3377 1907 3441 quo
1948 3357 2152 3422 etiam
2181 3374 2446 3421 omnem

238 3457 509 3528 dicendi
540 3460 802 3542 copiam
830 3461 1227 3543 exposuisse
1258 3458 1672 3524 Claudianus
1691 3459 1892 3524 videri
1918 3465 2160 3544 potest.
2222 3458 2447 3537 Quan-

234 3581 449 3645 quam
499 3562 682 3625 enim
705 3564 961 3647 saepius
987 3563 1267 3628 eandem
1295 3583 1431 3627 rem
1464 3561 1738 3647 profert,
1780 3568 1996 3627 tamen
2026 3581 2284 3645 semper
2311 3560 2447 3624 fere

241 3670 425 3730 tanto
455 3666 813 3730 verborum
833 3665 1118 3744 delectu,
1153 3673 1290 3731 tam
1313 3686 1494 3730 nova
1517 3666 1992 3730 sententiarum
2014 3663 2450 3728 conversione

243 3767 465 3845 utitur,
501 3772 598 3843 ut,
639 3768 772 3830 nisi
810 3767 1102 3851 penitius
1133 3769 1454 3846 attendaS,
1503 3769 1620 3833 vix
1647 3768 1931 3850 repetita
1960 3775 2027 3832 te
2056 3767 2280 3847 legere
2300 3785 2451 3830 sen-

244 3869 410 3950 tias3
444 3874 642 3952 atque
673 3869 740 3932 id
762 3890 895 3934 non
925 3870 1147 3934 so'lum
1176 3870 1337 3935 fecit
1361 3873 1432 3935 in
1460 3871 1567 3948 iis,
1592 3890 1745 3953 quae
1765 3870 1896 3933 hoc
1920 3874 2158 3935 natura
2178 3869 2446 3946 habent,

246 3977 320 4037 ut
362 3973 665 4039 variandi
695 3974 964 4056 copiam
996 3974 1164 4039 ultro
1194 3977 1563 4058 praebeant,
1607 3994 1832 4038 verum
1854 3975 2055 4037 etiam
2082 3974 2149 4037 in
2175 3973 2480 4055 vulgari-¹

247 4076 371 4140 bus
399 4083 600 4163 atque
623 4078 821 4155 tritis,
870 4098 1018 4162 quae
1046 4079 1259 4141 minus
1288 4079 1356 4141 in
1384 4078 1751 4142 exornandi
1775 4077 1992 4141 studio
2015 4077 2451 4154 exercitatuS,

251 4186 365 4243 ant
404 4181 647 4243 minori
694 4180 937 4261 ingenii
968 4181 1269 4245 ubertate
1319 4181 1698 4259 instructUS,
1732 4183 1849 4245 vix
1883 4180 2089 4244 semel
2110 4176 2453 4263 splendide

236 4281 618 4370 extulisset,
661 4282 811 4348 sine
840 4282 1045 4350 taedio
1084 4284 1321 4349 iterare
1343 4302 1416 4348 se
1433 4301 1635 4367 posse
1665 4282 2115 4367 desperasset.
2131 4363 2146 4374 Δ
2211 4280 2451 4371 Atque,l
