2925 4928
790 415 868 463 lN
922 415 973 464 1.
1022 416 1229 466 coNs.
1277 415 1607 464 s'rimon.
1660 416 1805 465 mn.
1856 418 1938 465 11.
2333 400 2468 467 617

265 559 693 626 Coelicolum:
737 570 894 624 'nam
922 561 1143 643 prima
1173 558 1397 624 Chaos
1426 558 1799 625 Clementia
1830 559 2051 640 solvit,

263 663 648 745 Congeriem
675 663 998 737 miserata
1024 663 1276 740 rudem,
1308 663 1629 745 vultuque
1662 683 1898 728 sereno
2379 664 2466 728 10

264 766 609 831 Discussis
639 768 927 832 tenebris
957 767 1026 830 in
1053 766 1273 831 lucem
1304 767 1564 843 saeeula
1591 767 1785 833 fudit.
2445 778 2452 782 ’

261 868 436 932 Haec
468 869 624 934 Dea
651 887 774 954 pro
803 871 1069 954 templis
1098 875 1165 935 et
1194 872 1380 935 thure
1410 871 1780 936 calentibus
1810 870 1945 936 aris

260 971 356 1035 Te
387 970 642 1051 fruitur,
676 974 1034 1056 posuitque
1063 992 1224 1037 suas
1255 972 1384 1037 hoc
1418 981 1685 1057 pectore
1717 973 1942 1038 sedes.

261 1072 437 1138 Haeo
468 1074 688 1155 docet,
721 1083 792 1140 ut
819 1077 1039 1159 poenis
1069 1076 1405 1142 hominum
1435 1078 1544 1142 vel
1574 1076 1892 1159 sanguine
1921 1076 2116 1160 pasci

255 1174 478 1260 Turpe
508 1177 849 1262 ferumque
877 1185 1111 1264 putes:
1157 1187 1234 1246 ut
1263 1182 1505 1245 ferrum
1539 1180 1759 1245 Marte
1784 1187 2153 1258 cruentum,
2371 1171 2462 1243 151

214 1331 217 1334 ,
256 1276 526 1342 Sieoum
551 1300 719 1363 pace
742 1301 1050 1364 premas:
1096 1290 1173 1347 ut
1200 1302 1333 1347 non
1361 1281 1660 1346 infensus
1692 1282 1941 1347 alendis

256 1377 606 1445 Materiem
637 1389 917 1466 praestes
945 1384 1117 1450 odiis
1144 1405 1159 1448 ε
1208 1389 1282 1449 ut
1314 1384 1628 1449 sontibus
1658 1383 1831 1449 ultro

255 1482 833 1570 Ignovisseuvelis:
880 1487 1169 1571 deponas
1201 1507 1412 1573 ocyus
1442 1489 1633 1565 iram,

256 1633 460 1705 Qoetitec.
533 1636 725 1685 Etenim
765 1636 1025 1688 Clementia
1058 1638 1193 1702 prior
1223 1643 1449 1688 commota
1487 1639 1605 1688 mole
1634 1639 1874 1700 indigesta
1910 1639 2109 1688 removit
2148 1637 2463 1699 confusionem

251 1703 440 1762 rerum,
476 1704 526 1749 et
547 1701 727 1750 umbris
757 1703 1020 1766 dissipatis,
1043 1703 1177 1763 facie
1213 1704 1407 1752 micanti
1438 1706 1616 1767 sparsit
1641 1706 1795 1753 lamen
1825 1704 1876 1752 iu
1907 1710 2135 1768 tempora.
2202 1704 2327 1752 Haec
2348 1704 2461 1754 diva

246 1766 431 1827 potitur
449 1769 516 1829 te,
533 1767 658 1815 velut
678 1768 867 1816 delubro
889 1773 937 1817 et
959 1769 1190 1818 altaribus
1213 1770 1449 1833 vaporatis
1465 1770 1619 1831 thure,
1641 1774 1688 1818 et
1706 1769 1835 1834 fixit
1855 1769 2142 1819 domicilium
2165 1769 2216 1818 in
2240 1770 2326 1818 hoo
2360 1767 2465 1817 ani·

250 1843 324 1878 mo
344 1836 451 1880 tuo.
521 1831 644 1880 Hoec
683 1835 843 1882 edocet
866 1841 939 1894 te,
959 1839 1011 1883 ut
1033 1834 1275 1883 existimes
1310 1835 1604 1883 inhonestum
1640 1849 1757 1883 esse
1795 1840 1840 1883 et
1868 1835 2088 1895 ferinam
2109 1835 2331 1883 delectari
2352 1848 2463 1896 sap-

245 1894 404 1958 piieiic
432 1901 483 1945 et
520 1912 681 1945 cruore
714 1899 976 1949 hominum.-
1005 1903 1062 1947 ut
1094 1913 1237 1961 geras
1267 1914 1421 1948 ensem
1453 1900 1861 1961 sanguinolentum
1885 1901 1936 1948 in
1963 1899 2096 1963 betto,
2114 1902 2196 1949 sed
2213 1899 2387 1948 docum
2410 1899 2464 1946 in

244 1974 357 2022 pace
372 1978 388 2011 .·
421 1966 474 2012 ut
498 1977 590 2011 non
611 1962 810 2022 infestum
829 1966 910 2012 des
928 1965 1210 2015 occasionem
1232 1965 1353 2014 odiis
1361 1963 1585 2026 fovendis
1598 1981 1614 2014 .-
1646 1969 1701 2013 ιιι
1720 1971 1881 2029 sponte
1902 1964 2017 2014 vel-ic
2044 1979 2236 2029 parcere
2256 1963 2464 2014 nocenti-

1174 2094 1528 2115 oeee‘eeaeaeeee

250 2179 413 2238 Livin.
471 2181 641 2239 medice
678 2191 866 2241 Petav.
905 2208 1010 2242 sec.
1065 2194 1221 2243 media
1243 2194 1387 2244 Rott.
1439 2194 1593 2244 medio
1634 2195 1736 2244 duo
1769 2194 1950 2244 Leidd.
1974 2195 2029 2244 et
2050 2192 2271 2242 maxima
2293 2190 2463 2243 Codd.

249 2268 387 2317 pars,
412 2255 546 2305 Exc.
566 2255 767 2306 Schott.
793 2257 1011 2307 Gevart.
1035 2260 1155 2308 Vat.
1197 2273 1276 2323 pr.
1315 2276 1346 2308 a
1382 2274 1446 2308 m.
1484 2275 1561 2324 pr.
1592 2261 1676 2310 ed.
1701 2258 1823 2311 Ald.
1864 2267 1918 2309 et
1939 2259 2064 2310 Var.
2088 2259 2192 2307 LL.
2232 2272 2262 2307 e
2293 2270 2460 2319 marg.

249 2319 420 2369 Par-m.
450 2321 675 2381 proxima
698 2322 848 2373 Fam.
898 2327 1014 2373 natu
1036 2322 1218 2373 Ambr.
1243 2331 1365 2373 tert.
1398 2330 1512 2373 notu
1535 2326 1686 2375 Voss.
1711 2325 1840 2375 Exc.
1866 2325 2086 2375 Gevart.
2119 2327 2240 2372 natu
2262 2322 2459 2372 Moret.

248 2398 327 2447 pr.
349 2383 474 2435 Put.
496 2387 699 2436 Bonon.
726 2386 845 2436 Par.
866 2387 967 2438 duo
1003 2387 1181 2441 Ambr.
1230 2394 1341 2438 nato
1363 2390 1659 2439 Thuan.—-·9
1680 2390 1788 2450 jam
1808 2391 1966 2452 prima
1987 2390 2166 2439 Oxon.
2193 2402 2272 2451 pr.
2322 2387 2465 2434 solvis

249 2445 612 2501 Florent.——10
646 2456 874 2502 temerata
895 2453 1045 2504 Voss,
1078 2470 1148 2503 m.
1187 2468 1266 2518 pr.
1326 2454 1548 2505 miserata
1583 2457 1667 2505 vel
1695 2456 1885 2519 partita
1918 2456 2047 2516 Reg.
2083 2454 2184 2502 duo
2225 2452 2468 2503 Oxou.—

250 2519 308 2564 11
342 2514 827 2573 Discussittenebras
848 2519 994 2568 Leid.
1019 2535 1098 2582 pr.
1120 2520 1266 2570 Med.
1289 2534 1392 2569 sec.
1417 2522 1539 2570 Vat.
1563 2526 1683 2571 tert.
1707 2521 1850 2570 Prie.
1874 2520 2038 2569 Oisel.
2075 2519 2303 2567 Florent.
2340 2517 2465 2566 Put.

246 2578 377 2643 Reg.
406 2582 605 2630 Μαῖαν.
645 2580 828 2632 Ambr.
869 2599 945 2647 pr.
975 2586 1174 2633 Bonon.
1217 2584 1338 2635 Pat.
1378 2585 1501 2635 Jun.
1540 2592 1597 2634 et
1629 2586 1800 2635 Oxou.
1835 2600 1916 2649 pr.
1953 2584 2085 2633 Exc.
2122 2582 2255 2632 Cod.
2279 2581 2463 2630 Rhem.

250 2645 497 2695 Discum-s
515 2647 721 2715 tenebris
740 2649 823 2697 vel
860 2649 1095 2699 Discat-§sit
1131 2649 1347 2699 tenebrae
1366 2650 1490 2699 Vat.
1529 2665 1607 2713 pr.
1659 2650 1822 2713 prodit
1861 2649 2048 2705 Petav.
2075 2651 2330 2697 tem—12
2350 2644 2466 2705 jare

247 2709 435 2761 Petav.
459 2726 566 2761 nec.
609 2711 911 2771 fumantibus
934 2715 1217 2769 Fame-13
1250 2716 1304 2764 in
1318 2721 1510 2779 pectore
1530 2716 1680 2764 Voss,
1711 2730 1776 2765 m.
1799 2729 1905 2763 see.
1961 2715 2060 2762 hoec
2090 2716 2277 2776 pectore
2316 2710 2484 2765 Med.ss

247 2782 410 2839 quart.
445 2780 655 2839 tempore
677 2778 817 2828 Prie.
842 2780 973 2843 Reg.
995 2779 1166 2829 Oxou.
1193 2794 1270 2843 pr.
1304 2785 1510 2843 tempore
1533 2781 1615 2830 vel
1636 2786 1823 2843 pectore
1848 2780 1970 2829 Vat.
1993 2793 2074 2841 pr.
2091 2793 2159 2827 m.
2186 2792 2265 2841 pr.
2290 2776 2464 2827 Oxou.

243 2844 481 2890 sem—14
515 2847 564 2890 et
581 2843 735 2904 poenie
757 2843 899 2892 Med.
927 2851 1046 2894 tert.
1081 2846 1133 2894 in
1149 2845 1302 2908 poenis
1324 2847 1524 2894 Mazar.
1569 2861 1728 2909 poenas
1749 2846 1878 2896 Exc.
1902 2844 2117 2894 Gevart.
2159 2856 2301 2907 peras
2316 2841 2465 2891 Voss.

245 2918 313 2953 m.
339 2921 449 2956 sec.
483 2906 695 2956 homines
715 2908 860 2958 Med.
884 2914 1181 2973 quart.-15
1217 2925 1308 2958 non
1335 2910 1525 2971 ferrum
1547 2913 1669 2961 Vnt.
1694 2910 1860 2975 quint.
1915 2910 1967 2959 in
1992 2910 2157 2957 Marte
2177 2906 2361 2957 Ambr.
2386 2920 2467 2969 pr.

246 2971 441 3022 Moret.
464 2977 705 3021 sem—16
726 2975 807 3023 ced
825 2990 929 3023 cum
947 2975 1127 3024 Ambr.
1146 2982 1266 3025 tert.
1301 2974 1491 3025 Siccam
1510 2977 1634 3026 Vat.
1659 2982 1831 3040 quart.
1853 2975 1970 3025 Pal.
1988 2973 2131 3023 Pric.
2154 2973 2255 3022 inc.
2279 2971 2465 3021 Heins.

245 3034 443 3086 Mazar.
468 3035 574 3085 duo
598 3038 741 3087 Med.
783 3039 998 3088 totidem
1038 3040 1223 3089 PetaV.
1265 3040 1443 3090 Ambr.
1481 3056 1587 3090 sec.
1623 3042 1816 3090 Moret.
1843 3055 1944 3090 sec..
1968 3040 2098 3089 Exc.
2117 3038 2319 3088 Schott.
2341 3037 2469 3087 Var-

246 3100 350 3151 LL.
372 3117 403 3150 e
429 3117 592 3164 marg.
618 3103 790 3153 Parin.
825 3104 908 3153 Sic
925 3120 1029 3154 cum
1048 3105 1168 3154 Vnt.
1196 3120 1275 3169 pr.
1299 3106 1453 3155 Farn.
1488 3106 1639 3156 Sacra
1661 3107 1852 3155 Moret.
1878 3120 1959 3168 pr.
1994 3104 2185 3154 Siccam
2211 3103 2293 3152 vel
2317 3101 2469 3152 Sacra

244 3164 373 3216 Jun.
392 3181 476 3230 pr.
508 3167 565 3215 in
581 3183 697 3230 pace
714 3168 817 3217 duo
840 3171 962 3219 Vat.
986 3171 1180 3220 Moret.
1204 3185 1307 3220 sec.
1344 3172 1510 3221 Marte
1532 3170 1678 3221 Med.
1701 3177 1825 3220 tert.
1857 3169 1996 3230 ferat
2022 3178 2125 3218 tres
2147 3169 2297 3218 Vatt.
2320 3167 2468 3217 Prie.

246 3229 411 3281 Oisel.
453 3231 590 3294 Reg.
624 3233 822 3284 Mazar.
860 3233 1045 3284 PetaV.
1080 3241 1137 3284 et
1169 3236 1342 3285 Oxou.
1367 3251 1446 3299 pr.
1470 3239 1597 3286 Exc.
1623 3236 1753 3285 Cod.
1788 3236 1972 3285 Rhem.
2017 3234 2156 3294 seras
2180 3233 2258 3281 vel
2278 3245 2469 3295 premas

244 3294 365 3345 Vat.
390 3311 469 3359 pr.
496 3297 726 3348 Florent.
762 3297 968 3362 offensus
991 3301 1114 3349 Lov.
1153 3301 1369 3349 incensas
1387 3303 1514 3351 Var.
1538 3302 1644 3350 LL.
1670 3299 1751 3348 ed.
1776 3301 1934 3349 Antis.
1983 3297 2194 3357 infensus
2218 3299 2300 3345 vel
2323 3295 2467 3355 inses-

243 3364 322 3409 ηε
342 3363 467 3411 Vat.
491 3366 701 3425 pr.—-l⁷
736 3364 996 3413 Materiam
1019 3366 1173 3414 Farn.
1197 3365 1300 3414 dno
1332 3364 1475 3414 Med.
1533 3365 1790 3414 Mater-iem
1829 3363 1931 3413 duo
1972 3362 2154 3412 Leidd.
2196 3367 2251 3410 et
2285 3359 2468 3416 viginti

245 3425 352 3487 alii,
397 3427 529 3475 Exc.
571 3427 790 3478 Gevart.
830 3429 1053 3478 Lucens.
1090 3445 1167 3493 pr.
1205 3436 1260 3479 et
1288 3430 1407 3479 ΑΜ.
1460 3430 1641 3492 praebes
1674 3431 1807 3493 Reg.
1863 3431 1992 3477 ultor
2015 3427 2160 3477 Leid.
2187 3441 2290 3476 sec.
2312 3426 2465 3476 Voss.

244 3491 372 3542 Lov.
396 3491 550 3542 ambo
574 3493 765 3543 Moret.
791 3493 893 3544 duo
917 3494 1105 3544 Petav.
1131 3502 1235 3544 tres
1258 3497 1378 3544 Vat.
1404 3502 1461 3545 et
1486 3495 1664 3545 Ambr.
1691 3494 1928 3557 totidem,
1961 3493 2171 3542 Tholos.
2205 3492 2330 3541 Var.
2355 3490 2467 3539 LL.

1253 3646 1302 3695 N
1310 3645 1466 3694 OTAE

242 3748 548 3813 proeditum.
1460 3756 1493 3801 9
1529 3752 1705 3816 Chaos]
1748 3751 1952 3801 Rudem
1976 3755 2032 3800 et
2055 3748 2360 3813 indigestam
2386 3761 2465 3796 re·

307 3827 537 3879 Maxima
557 3825 696 3889 natu]
748 3827 929 3877 Poctae
954 3843 1019 3876 ex
1039 3828 1316 3878 elemento·
1394 3841 1506 3877 rum
1530 3830 1718 3878 molem
1738 3836 1794 3878 et
1818 3826 2184 3877 confusionem.

243 3918 358 3955 mm
390 3904 650 3967 temperie
690 3918 807 3955 suos
840 3905 982 3954 Deos
1019 3910 1162 3955 ortos
1204 3919 1318 3955 esse
1461 3910 1525 3956 12
1558 3905 1691 3969 Dea]
1743 3906 1905 3954 Velut
1928 3918 1994 3953 ex
2015 3902 2190 3954 Astris
2214 3901 2467 3953 translata

243 3978 520 4042 dicebant,
564 3980 785 4045 ideoque
845 3980 1137 4031 Clementia
1190 3990 1316 4032 natu
1393 3982 1445 4031 in
1478 3991 1662 4046 pectus
1699 3982 2016 4032 Stilichonis.
2080 3980 2162 4029 Ex
2199 3978 2468 4027 veteribus

241 4057 472 4109 maxima
498 4063 599 4119 est,
632 4072 754 4109 nam
776 4057 887 4107 sine
910 4072 974 4108 ea
996 4059 1138 4108 nulla
1161 4073 1317 4119 gene·
1397 4072 1501 4108 non
1521 4058 1623 4107 alia
1646 4058 1796 4108 sedes
1810 4060 1930 4107 Deo
1947 4055 2345 4120 dignior-,quam
2360 4053 2469 4104 ani·

238 4132 393 4184 ratio.
464 4133 605 4197 Ergo
644 4133 823 4184 statim
860 4142 1016 4200 atque
1039 4134 1092 4183 in
1113 4135 1315 4185 Mundo
1396 4149 1510 4184 mus
1550 4135 1767 4184 hominis
1809 4133 1960 4197 probi
1984 4150 1997 4183 z
2043 4129 2254 4181 effatum
2293 4130 2468 4180 Chris·

241 4225 325 4261 res
348 4210 665 4279 extiterunt,
684 4210 859 4261 atatim
882 4212 1061 4262 extitit
1078 4213 1312 4263 Clemen-
1395 4212 1552 4263 tinnis
1574 4212 1801 4275 dignum.
2359 4224 2364 4225 ⁷

241 4285 336 4351 tia,
358 4286 473 4337 sine
499 4301 603 4352 qua
620 4301 705 4346 res,
725 4300 839 4343 esse
859 4301 964 4341 non
985 4298 1219 4353 possunt.
1454 4293 1523 4345 11
1601 4288 1741 4343 Ultro
1797 4284 2054 4351 ῂπουίικ]
2081 4320 2084 4323 -
2129 4285 2302 4339 Etiam
2362 4297 2465 4341 2011
