2925 4928
538 414 627 480 16
1270 458 1275 467 -
1356 416 1918 481 PROLEGOMENA'

536 573 815 658 ejusque
868 574 1115 652 causiS,
1166 573 1251 652 si,
1293 566 1446 657 quae
1499 578 1654 638 ante
1711 573 1894 639 dicta
1946 579 2118 664 suut,
2164 575 2498 640 memoria
2562 579 2817 653 tenea,

536 675 717 741 haud
760 682 860 740 est
907 676 1221 742 difficilis.
1307 676 1558 740 Totum
1602 681 1706 741 est
1753 677 2171 756 declamatio,
2226 700 2379 763 quae
2430 677 2821 744 carminis

537 781 826 862 speciem
854 780 1185 844 assumsit.
1275 778 1501 863 Atque
1543 780 1670 844 hoc
1716 784 2066 864 praecipue
2116 782 2268 845 inde
2314 785 2417 845 est
2464 781 2809 859 factum,

538 881 721 962 quod
749 883 867 946 illa
891 883 1207 960 carmina,
1230 902 1316 946 ex
1339 884 1753 947 orationibus
1775 885 2193 969 panegyricis
2222 888 2814 962 nata,{nat11ram

541 985 813 1067 originis·
841 1003 980 1050 suae
1010 991 1370 1051 traxerunt.
1461 986 1697 1050 Sermo
1740 986 1915 1048 enim
1958 988 2244 1065 solutuS,
2297 988 2599 1050 numero
2654 1005 2810 1070 po-

538 1085 712 1153 etico
743 1087 1062 1165 adhibito,
1112 1088 1719 1171 comparationibus
1767 1093 1835 1153 et
1875 1089 2280 1170 imaginibus
2325 1088 2657 1152 crebrius
2692 1087 2810 1151 in-

540 1187 779 1268 ductis,
810 1190 875 1253 in
902 1190 1263 1273 poeticum,
1295 1212 1338 1255 a
1365 1197 1690 1274 quo-tunc
1743 1193 2058 1275 temporis
2102 1193 2171 1255 in
2217 1190 2692 1267 orationibuS,
2732 1191 2804 1254 si

482 1360 491 1375 ,
537 1303 884 1357 numerum
913 1291 1242 1378 excipias,
1288 1295 1466 1359 haud
1493 1297 1777 1359 multum
1816 1295 2231 1372 abhorrebat,
2276 1298 2597 1358 mutatus
2636 1297 2801 1373 est3

537 1393 973 1480 libertateque
1003 1405 1316 1474 assumta,
1362 1408 1499 1481 ‘qua
1540 1399 1611 1461 in
1652 1398 1852 1460 rebus
1897 1396 2306 1479 exponendis
2352 1392 2596 1479 po‘etae
2652 1395 2801 1458 soli

538 1499 638 1562 uti
667 1505 973 1582 possunt,
1018 1500 1280 1582 species
1311 1499 1579 1583 quidem
1609 1500 1923 1564 ‘carminis
1968 1505 2119 1562 nata
2163 1500 2285 1575 est,
2342 1497 2484 1561 cui.
2513 1502 2794 1576 tamen,

472 1603 476 1607 ⁴
541 1601 601 1666 si
633 1601 815 1665 illius
842 1605 1142 1665 naturam
1172 1607 1456 1684 specteS,
1486 1600 1864 1686 hujusmodi
1896 1606 2346 1682 argumentum
2377 1618 2644 1683 parum
2682 1605 2798 1665 est

541 1703 1139 1775 accommodatum.
1229 1703 1492 1768 Etenim
1524 1705 1837 1768 carminis
1868 1704 2039 1767 ratio
2066 1703 2213 1768 haec
2246 1707 2371 1779 est,
2419 1707 2503 1767 ut
2549 1702 2793 1766 diver-

540 1825 825 1890 sasquae
852 1805 969 1869 illo
1001 1807 1479 1884 contineantur,
1523 1810 1736 1870 totum
1786 1805 2057 1888 aliquod
2106 1807 2462 1870 conficiant
2510 1806 2591 1869 in
2641 1808 2782 1870 suo

543 1916 772 1992 genere
816 1907 1174 1990 perfectum
1220 1912 1427 1992 ‘atque
1475 1908 1884 1984 absolutum,
1930 1907 2142 1991 cujus‘
2174 1909 2295 1972 illa
2346 1913 2593 1991 partes
2640 1909 2796 1972 sint

544 2017 738 2095 atque
785 2011 1100 2087 membra,
1150 2029 1430 2092 quorum
1472 2010 1726 2072 nullum
1775 2009 1963 2072 salva
2014 2010 2509 2093 conspiratione
2563 2003 2787 2074 totius

541 2113 755 2198 possit
780 2113 1034 2177 deesse.
1125 2112 1259 2177 Illa
1303 2118 1519 2176 autem
1548 2132 1767 2176 ⁴rerum
1812 2114 2121 2189 varietaS,
2173 2132 2325 2195 quae
2365 2110 2781 2196 hujusmodi

543 2216 834 2281 carmine
862 2215 1371 2298 complectenda
1395 2202 1685 2296 est‚shoo
1714 2235 1843 2279 uno
1874 2216 2176 2292 cohaeret,
2206 2214 2386 2298 quod
2420 2215 2512 2279 ad
2555 2235 2780 2279 unum

544 2323 828 2402 spectat,
859 2336 976 2381 seu
1012 2316 1099 2381 ad
1125 2317 1364 2381 laudes
1390 2317 1586 2380 unius
1614 2318 1920 2400 pertinet.
2010 2315 2229 2381 Etiam
2274 2317 2410 2394 ille,
2453 2318 2587 2404 ⁴qui
2616 2317 2773 2380 lau-

545 2421 681 2498 dat,
706 2420 979 2485 ‘nullum
1019 2419 1219 2485 habet
1260 2420 1328 2484 in
1369 2420 1564 2484 rebus
1617 2418 2030 2483 celebrandis
2066 2418 2350 2483 liberum
2393 2417 2772 2497 delectum,

538 2545 756 2609 neque
809 2527 1161 2609 quicquam
1207 2524 1291 2589 ad
1327 2524 1677 2588 consilium
1710 2543 1899 2587 suum
1931 2524 2148 2587 minus
2178 2522 2768 2587 accommodatum

541 2628 686 2693 sine
714 2628 1075 2693 offensione
1098 2633 1320 2712 potest
1348 2627 1733 2723 relinquere,
1763 2626 2131 2710 praesertim
2176 2626 2246 2689 in
2270 2633 2492 2689 rerum
2544 2632 2771 2709 gesta-

541 2751 686 2795 rum
716 2727 970 2815 inopia,
1013 2736 1104 2808 et,
1153 2732 1411 2795 etiamsi
1440 2732 1571 2795 hoc
1622 2732 1864 2814 possit,
1896 2735 2115 2794 tamen
2158 2748 2291 2793 non
2339 2748 2615 2811 semper
2656 2747 2763 2792 res

542 2835 649 2899 vel
675 2855 798 2917 per
825 2855 898 2899 se
939 2836 1049 2899 vel
1097 2849 1189 2899 ex
1231 2833 1574 2899 hominum
1604 2852 1806 2897 sensu
1836 2839 1902 2898 et
1942 2830 2418 2897 consuetudine
2465 2831 2767 2894 maxime

542 2938 1031 3015 memorabiles,
1089 2958 1189 3003 eae
1249 2957 1519 3022 quoque
1572 2942 1745 3015 sunt,
1806 2957 1957 3020 quae
2016 2934 2352 3019 poeticam
2422 2933 2761 2997 tractandi

539 3040 865 3105 rationem
893 3040 1204 3104 facillime
1235 3039 1603 3104 admittant.
1692 3038 1906 3102 Simul
1951 3042 2223 3119 cogetur
2256 3035 2505 3119 saepius
2546 3033 2761 3117 poeta

539 3142 743 3221 illius,
776 3164 974 3227 quem
1001 3141 1255 3220 laudat,
1300 3127 1864 3206 existimationem
1913 3139 2268 3223 cogitandi¹
2294 3138 2756 3221 sentiendique

539 3246 863 3309 rationem
914 3246 1126 3329 sequi,
1174 3265 1377 3328 quam
1427 3244 1525 3307 rei
1570 3249 1874 3307 naturam
1919 3250 1986 3307 et
2032 3242 2367 3318 carminiS,
2412 3241 2511 3304 ita
2552 3244 2626 3303 ut
2669 3240 2755 3303 iis

539 3349 955 3431 potissimum
1011 3353 1257 3424 utatur,
1314 3347 1553 3430 quibus
1612 3347 1720 3410 ille
1777 3347 2064 3411 maxime
2121 3342 2465 3427 superbire
2522 3342 2751 3407 soleat.

542 3447 762 3514 Po'eta
795 3459 1028 3532 porr0,
1071 3450 1202 3513 nisi
1250 3448 1700 3531 magnitudine
1742 3468 1959 3512 rerum
2003 3455 2068 3510 et
2115 3443 2553 3527 amplitudine
2603 3443 2751 3525 ipse

539 3551 904 3631 incaluerit,
947 3553 1202 3616 animos
1240 3572 1487 3628 eorum,
1532 3570 1576 3614 a
1604 3551 1844 3633 quibus
1890 3551 1994 3615 vel
2037 3548 2301 3612 auditur
2342 3546 2450 3610 vel
2493 3545 2746 3627 legitur,

539 3672 674 3717 non
716 3660 935 3737 potest
963 3654 1346 3719 accendere.
1440 3652 1576 3717 Sed
1619 3653 1776 3737 quid
1808 3672 1956 3716 esse
1986 3656 2244 3735 poterat
2268 3650 2336 3712 in
2366 3667 2595 3731 puero,
2626 3645 2742 3710 vix

541 3756 896 3827 duodecim
925 3776 1135 3821 annos
1163 3763 1345 3833 nat0,
1374 3775 1769 3839 magnopere
1812 3753 2245 3829 laudandum,
2294 3771 2446 3833 quae
2475 3750 2740 3814 virtutes

542 3858 924 3923 Stilichonis
977 3860 1049 3921 in
1093 3859 1596 3923 admirationem
1642 3860 1749 3922 sui
1792 3869 2045 3941 rapere,
2094 3873 2245 3918 cum
2292 3852 2456 3916 nihil
2499 3867 2740 3926 eorum,
2792 3918 2797 3922 ,

540 3981 695 4045 quae
725 3960 992 4038 faceret,
1037 3961 1123 4025 ad
1148 3961 1511 4050 *publicam
1555 3961 1924 4036 utilitatem,
1953 3958 2113 4021 nihil
2140 3978 2271 4021 non
2302 3955 2387 4020 ad
2417 3973 2537 4018 sua
2565 3970 2738 4016 com-

538 4063 740 4127 moda
768 4064 1084 4129 referret?
1173 4063 1258 4127 Id
1307 4063 1505 4145 igitur
1552 4062 1764 4127 solum
1808 4061 2101 4125 restabat
2144 4056 2392 4142 poetae,
2440 4062 2506 4123 ut
2533 4051 2734 4118 ‘animi

539 4169 789 4243 motuS,
842 4167 1080 4250 quibus
1131 4168 1280 4250 ipse
1333 4167 1623 4243 carebat,
1671 4170 1809 4227 arte
1867 4162 2229 4226 simularet.
2321 4159 2477 4223 Non
2520 4158 2752 4239 potest*

540 4272 756 4333 autem
789 4269 955 4349 fieri,
1002 4275 1076 4335 ut
1114 4272 1331 4335 omnis
1382 4270 1546 4335 artis
1598 4266 1959 4332 ostentatio
2020 4284 2142 4329 eos
2191 4277 2427 4327 sensus
2474 4257 2727 4332 excitet,
