2925 4928
465 453 600 524 310

468 617 658 683 Lena
687 637 808 702 per
833 616 1219 681 innumeros
1247 616 1372 702 iret
1399 618 1674 700 pictura
1696 623 2019 700 penates:

1032 511 1039 520 .
1082 485 1087 492 ·
1140 447 1141 450 ’
1198 470 1798 521 cacuminum
1853 471 1934 522 x.

2591 620 2682 688 25

465 720 619 786 Nec
651 720 856 785 variis
888 720 1166 788 dubium
1198 718 1518 786 thalamis
1549 720 1844 785 lecturus
1877 740 2165 794 amorem

465 823 703 888 Ardua
731 825 1031 888 commisi
1061 823 1252 890 falsae
1285 819 1614 892 connubia
1646 843 1842 890 cerae.

469 926 636 995 Non
661 929 854 1011 rapio
885 948 1196 1012 praeceps
1227 927 1468 993 alienae
1500 928 1759 1004 foedera
1790 927 2013 1005 taedae,

471 1033 608 1098 Sed
640 1054 791 1117 quae
820 1053 1069 1118 sponsa
1098 1033 1261 1097 mihi
1291 1033 1571 1118 pridem,
1605 1035 1972 1118 patriisque
2002 1034 2240 1102 relicta
2317 1091 2328 1096 -

471 1135 846 1214 MandatiS,
878 1157 1013 1202 uno
1043 1137 1327 1202 materni
1352 1135 1699 1221 sanguinis
1719 1142 1880 1218 ,ortu

2599 1135 2688 1201 36

476 1236 915 1302 Communem
942 1240 1230 1324 partitur
1260 1259 1486 1320 avum.
1578 1238 1881 1322 Fastigia
1908 1239 2195 1323 supplex

472 1443 630 1502 imago
653 1439 741 1488 illa
763 1440 1009 1489 adubztrix
1029 1440 1198 1488 nuntia
1233 1440 1599 1503 pulchritudinis
1618 1439 1999 1499 circumferretur
2015 1455 2102 1503 per
2123 1441 2282 1487 domos
2319 1436 2697 1489 innumerabiles.

474 1509 641 1571 Neque
663 1520 761 1568 ego
802 1508 1030 1555 electum
1049 1520 1253 1555 amorem
1293 1506 1568 1567 ambiguum
1591 1504 1849 1555 facturum
1885 1506 2043 1554 thoros
2076 1505 2300 1566 diversos,
2319 1503 2500 1552 credidi
2521 1504 2700 1567 speciei

458 1571 637 1634 fallaci
656 1572 877 1634 conjugia
904 1571 1134 1637 difficilia.
1202 1572 1314 1619 Non
1335 1586 1433 1634 ego
1468 1571 1747 1620 temerarius
1767 1569 1931 1631 aufero
1962 1575 2152 1634 pactum
2174 1569 2318 1619 alieni
2357 1569 2697 1632 matrimoniis,

469 1639 550 1695 ‚sed
572 1653 705 1695 eam,
728 1654 831 1700 quae
851 1639 1129 1701 desponsata
1152 1643 1234 1686 est
1270 1637 1407 1698 mihi,
1431 1642 1478 1685 et
1501 1639 1615 1688 data
1646 1637 1842 1701 imperio
1875 1636 2031 1700 patris
2053 1636 2175 1696 mei,
2194 1635 2402 1684 vindicat
2424 1633 2525 1683 sibi
2549 1649 2694 1683 avum

469 1718 757 1756 communem
777 1719 872 1752 una
890 1704 1073 1765 origiue
1092 1703 1283 1766 generis
1303 1703 1524 1753 materni.
1562 1701 1675 1767 Ego
1691 1707 1968 1765 precaturus
1986 1701 2131 1762 abjeci
2149 1702 2439 1763 majestatem
2457 1700 2689 1765 impera·

1411 1854 1587 1872 NOOO‘

1591 1853 1767 1873 ““““

478 1950 744 2002 Gud.·-25
781 1951 910 2001 Lena
930 1951 1115 2014 viginti
1141 1950 1306 2000 Codd.
1345 1951 1473 1999 Exc.
1518 1949 1735 1998 Gevart.
1777 1949 1962 1998 Sched.
1997 1948 2135 1999 Gud.
2169 1949 2293 1997 Var.
2332 1946 2438 1996 LL.
2473 1960 2503 1994 e
2525 1961 2698 2012 marg.

475 2017 650 2068 Parm.
687 2017 839 2065 Plena
876 2024 1000 2066 octo
1036 2017 1143 2079 alii,
1199 2017 1332 2064 Exc.
1378 2017 1600 2064 Lucens.
1643 2027 1745 2064 sec.
1787 2016 1934 2064 Laeva
1970 2015 2118 2064 Rott.
2159 2013 2305 2064 Med.
2340 2019 2463 2062 tert.
2493 2013 2698 2062 Tbuan.

477 2080 659 2134 Ambr.
717 2088 836 2132 tert.
882 2082 1014 2131 Cod.
1062 2082 1241 2145 Epigr.
1279 2080 1460 2136 Ambr.
1502 2086 1557 2129 et
1607 2080 1690 2129 ed.
1731 2081 1904 2129 Vicet.
1949 2080 2083 2130 Lena
2126 2080 2211 2128 vel
2239 2079 2406 2130 *Plena
2444 2078 2574 2126 Vnt.
2617 2093 2700 2142 pr.

476 2150 607 2195 v-—26
643 2148 755 2196 Non
793 2147 943 2196 variis
962 2147 1160 2196 Thuan.
1197 2146 1419 2196 thalamis
1449 2145 1633 2196 carium
1665 2145 1822 2194 dubiis
1843 2145 1965 2197 Jun.
2011 2158 2090 2208 pr.
2124 2143 2299 2198 tabulis
2335 2144 2468 2193 Exc.
2488 2142 2704 2192 Sclmtt.

476 2212 661 2264 laturus
686 2212 824 2262 Prie.
848 2212 1211 2261 Oisel.lectura
1225 2213 1450 2273 pudorem
1471 2210 1574 2259 inc.
1618 2209 1936 2260 Heins.--27
1971 2210 2165 2259 conubia
2183 2210 2312 2259 Exc.
2353 2209 2574 2259 Gevart.
2588 2206 2705 2268 sor-

471 2291 562 2330 ¹⁸oe
578 2277 913 2327 'rimam—28
950 2278 1054 2328 Nec
1076 2276 1212 2340 rapio
1235 2277 1426 2325 Moret.
1448 2290 1529 2336 pr.
1550 2277 1767 2338 princeps
1791 2289 1883 2339 pro
1906 2290 2130 2339 praeceps,
2166 2280 2222 2324 et
2243 2288 2413 2324 mem
2435 2287 2530 2338 pro
2555 2275 2701 2323 toedoe

474 2341 600 2393 Jun.
624 2356 701 2406 pr.
739 2344 1127 2394 etOxon.—·29.
1152 2341 1421 2404 patriisque
1446 2340 1567 2388 vat.
1603 2355 1679 2403 pr.
1717 2342 1873 2400 Fam.
1908 2340 2059 2392 ambo
2082 2342 2279 2390 Moret.
2298 2340 2426 2390 Lov.
2460 2339 2707 2402 patriaque

479 2407 626 2458 Vatt.
651 2415 891 2474 quatuor.
916 2408 1033 2461 Pal.
1057 2407 1332 2457 Pria—80
1369 2401 1652 2456 Menam
1670 2406 1864 2456 Tbuan.
1888 2421 1986 2456 aaa
1996 2407 2077 2455 vel
2098 2406 2241 2455 immo
2265 2403 2562 2456 uisci—31
2585 2415 2701 2468 par·-

1412 2584 1417 2587 ·
1454 2558 1669 2614 NOTAE

541 2693 605 2738 25
643 2687 798 2751 Lena]
828 2688 903 2737 Ut
919 2689 1089 2754 imago
1111 2689 1545 2752 adulatrix,leno-

480 2765 756 2827 cinansset
778 2765 964 2815 amoris
979 2760 1307 2816 conciliatrix
1325 2768 1546 2817 circum·

481 2838 714 2892 ferretur
734 2857 831 2906 per
863 2841 1068 2893 domos.‘
1128 2843 1254 2894 Lena
1278 2850 1452 2893 autem
1472 2842 1548 2894 di-

480 2919 638 2982 citur,
683 2920 832 2984 quasi
891 2917 1140 2984 fungatur
1181 2918 1351 2972 officio
1392 2921 1547 2983 lenae,

482 2997 604 3048 dum
640 2997 837 3060 puellas
859 2996 1029 3067 minus
1041 2997 1280 3059 decor-as,
1303 2988 1550 3046 adulante

482 3075 732 3141 penicillo
770 3076 1013 3140 depictas
1052 3079 1283 3124 ostentat
1302 3073 1548 3137 principi-

482 3150 599 3216 bus,
621 3167 750 3218 quos
776 3152 851 3205 sic
874 3150 939 3201 ad
964 3166 1189 3201 amorem
1214 3158 1268 3201 et
1292 3151 1549 3201 matrimo-

482 3229 628 3281 nium
645 3229 906 3292 accendit,
929 3230 994 3280 de
1030 3245 1093 3280 eo
1137 3244 1394 3295 nunquam
1418 3229 1551 3294 cogi·

482 3315 707 3373 tuturos,
726 3309 824 3371 nisi
836 3308 1028 3363 talibus
1051 3307 1322 3371 lenociniis
1337 3306 1551 3370 decepti

481 3384 722 3436 fuissent.
807 3384 1028 3435 Ovidius
1048 3401 1062 3435 z
1116 3389 1129 3413 ‘
1165 3383 1389 3435 maxima
1431 3385 1550 3434 lena

484 3481 634 3518 mora
655 3464 772 3528 est‚'
794 3465 849 3516 id
872 3472 974 3529 est,
992 3465 1215 3514 maxima
1227 3465 1410 3514 amoris
1424 3479 1549 3514 con·

487 3543 814 3595 ciliatricula.
902 3542 1009 3592 Alii
1055 3543 1150 3592 hoc
1190 3541 1404 3591 verbum
1442 3544 1550 3592 lena

485 3621 708 3672 aversati
729 3621 911 3689 legunt
939 3622 1074 3679 heva,
1111 3618 1164 3667 id
1184 3625 1265 3668 est
1295 3618 1554 3668 favorabi-

482 3696 565 3759 lis,
583 3701 643 3746 ut
666 3695 804 3761 apud
821 3695 1114 3760 Virgilium,
1149 3696 1165 3723 ‘
1183 3695 1411 3744 Numina
1421 3697 1556 3745 laeva

489 3773 694 3824 sinunt!
1527 3796 1534 3809 ⁴

552 3851 780 3914 Pictura]
797 3851 916 3901 Mos
937 3851 1027 3900 ine
1045 3851 1286 3931 antiquus
1306 3850 1553 3901 mittendi

487 3929 776 3994 puellarum
803 3928 1095 3992 principum
1111 3928 1377 3992 imagines,
1394 3929 1553 3977 etiam

487 4017 521 4054 a
542 4005 732 4054 nostris
754 4003 1072 4054 observatus·
1137 4005 1303 4054 Missa
1320 4005 1456 4054 enim
1473 4012 1555 4054 est

488 4080 722 4132 Heni-ico
778 4081 977 4144 Magno
1032 4080 1215 4131 Mariae
1285 4082 1554 4132 Medicaeae

490 4156 708 4222 effigies.
789 4159 1055 4221 Ceterum,
1099 4159 1416 4209 Claudianus
1475 4174 1554 4208 ar-

491 4237 605 4300 guit
627 4235 789 4286 tacite
811 4234 1293 4300 factumeutropii,
1316 4238 1405 4301 qui
1443 4238 1559 4286 Fla-

491 4314 563 4363 vii
584 4313 820 4363 Promoti
835 4311 1016 4376 filiam,
1048 4314 1130 4364 vel
1146 4314 1203 4365 N
1208 4306 1369 4378 eptim
1385 4348 1400 4377 ,
1415 4311 1561 4378 egre·

491 4390 576 4455 gie
591 4390 856 4457 depictam
869 4388 1100 4442 Arcadio
1117 4396 1401 4457 ostentans,
1414 4392 1560 4442 illum

1619 2690 1710 2738 vel
1731 2689 1844 2739 sola
1866 2689 2069 2754 pictura
2088 2688 2307 2753 pellexit
2329 2688 2394 2737 ad
2419 2688 2651 2752 nuptias.

1689 2771 1755 2816 26
1790 2768 1893 2817 Nec
1909 2767 2075 2829 variis,
2110 2767 2216 2832 qa]
2257 2766 2378 2817 Non
2397 2766 2533 2830 elegi
2558 2781 2703 2817 amo·

1629 2859 1738 2894 rem
1779 2842 2009 2906 dubium,
2048 2843 2144 2893 hoc
2189 2849 2270 2892 est
2308 2843 2630 2907 instabilem,
2651 2849 2705 2893 et

1629 2919 1787 2971 toties
1809 2920 2135 2981 mutandum,
2170 2919 2424 2984 variisque
2460 2920 2707 2970 thalamis

1629 2998 1953 3048 occasionem
1998 2997 2258 3057 daturum,
2310 2997 2517 3061 quoties
2567 3012 2706 3047 nova
2759 3026 2770 3029 ⁷

1630 3075 1881 3138 virginum
1907 3075 2123 3123 aliarum
2163 3073 2333 3137 imago
2354 3068 2477 3125 mihi
2515 3089 2706 3139 propo·

1635 3157 1866 3201 neretur.

1625 3284 1630 3289 ,
1696 3232 1760 3277 27
1792 3226 1960 3276 Ardua
1981 3207 2211 3291 consmisi]
2275 3226 2395 3279 Non
2421 3232 2706 3292 ego'expo·

1632 3304 1732 3365 sui,
1754 3303 1952 3354 credidi
1992 3302 2206 3369 imagini
2227 3319 2393 3355 cereae
2432 3319 2576 3368 saepe
2611 3304 2707 3354 fal-

1634 3381 1755 3444 laci,
1787 3381 2082 3445 conjugium
2117 3396 2307 3444 meum,
2344 3396 2462 3431 cum
2485 3381 2707 3431 arduum

1636 3474 1697 3509 ac
1714 3458 1926 3515 difficile
1941 3461 2013 3510 sit
2035 3460 2230 3523 optime
2249 3459 2463 3524 eligere,
2486 3475 2549 3509 ac
2572 3475 2708 3524 prae-

1636 3539 1815 3587 sertim
1851 3552 1967 3586 cnm
2003 3537 2249 3587 videntur
2289 3543 2491 3587 tantum
2529 3536 2709 3601 imagi·

1634 3628 1746 3664 nes.

1698 3696 1764 3741 28
1801 3693 1912 3741 Non
1953 3690 2089 3755 rapio
2113 3689 2336 3754 soedera}
2397 3691 2520 3740 Non
2558 3691 2705 3754 rapio

1631 3776 1842 3833 nuptas,
1878 3775 1967 3818 ant
2003 3766 2197 3817 foedere
2236 3773 2496 3831 pactoque
2536 3766 2707 3831 aliquo

1634 3845 1746 3893 aliis
1770 3843 2128 3908 desponsatas.
2196 3843 2283 3892 Sic
2327 3842 2594 3906 Augustus
2619 3842 2706 3891 ab-

1632 3919 1783 3971 duxit
1809 3920 2013 3970 Liviam
2035 3920 2194 3970 etiam
2218 3926 2593 3984 praegnantem.

1696 4002 1762 4048 29
1795 3997 2073 4062 Patr-iisque
2096 3998 2261 4047 relicta
2284 3996 2547 4059 mandatis]
2581 3996 2707 4045 Pro-

1634 4074 1805 4124 babile
1857 4082 1938 4124 est
2000 4075 2363 4136 Theodosium,
2419 4080 2702 4137 antequam
2732 4094 2734 4097 ·

1632 4160 1943 4216 moreretur,
1978 4152 2317 4214 mandavisse,
2352 4157 2409 4200 ut
2442 4151 2704 4201 Honorius

1638 4230 1861 4282 Manum
1892 4229 2189 4280 Stilichonis
2211 4228 2371 4279 filiam
2410 4229 2629 4280 duceret
2651 4229 2702 4278 in
2735 4243 2744 4249 ‘

1641 4322 1875 4358 uxorem.
2433 4341 2447 4354 .

1703 4389 1766 4436 31
1803 4384 2028 4435 Partitur
2046 4383 2214 4450 avum]
2241 4382 2587 4436 Theodosium
2629 4397 2703 4434 se·
