2925 4928
941 425 1019 475 m
1070 425 1427 489 aurnum
1469 427 1624 489 nin,
1670 427 1718 478 1.

2308 407 2450 487 112}

233 566 377 637 Non
403 575 602 636 aetate
639 571 861 635 labat:
900 571 1224 654 juvenum
1256 572 1547 637 rorantia
1573 571 1754 638 oolla

230 670 395 736 Ante
424 680 692 756 patrum
723 675 944 739 vultus
973 674 1207 739 stricta
1238 675 1540 741 cecidere
1569 678 1815 741 securi.

227 774 370 838 Ibat
396 777 821 857 grandaevuS‚
850 785 1009 841 nato
1039 779 1351 842 moriente
1379 784 1736 861 superstes,

223 877 385 942 Post
411 881 680 943 trabeas
705 880 883 949 exul.

976 878 1148 958 Quis
1179 879 1457 963 prodere
1488 887 1673 945 tanta
1700 880 1922 946 relatu

221 980 492 1059 Funera,
523 983 675 1065 quis
707 983 928 1068 caedes
958 983 1176 1067 possit
1203 984 1443 1047 deflere
1473 983 1795 1049 nefandas
1819 987 1847 1049 ‘l

221 1081 394 1161 Quid
428 1083 567 1148 tale
598 1086 916 1149 immanes
945 1106 1245 1169 unquam
1268 1078 1878 1168 gessisse'seruntur

217 1184 558 1253 Veleinis
589 1188 957 1252 Isthmiaca
979 1190 1166 1271 pinu,
1197 1188 1308 1253 vel
1334 1208 1502 1271 rupe
1532 1188 1864 1270 profunda

217 1286 481 1367 Sciron,
502 1288 612 1352 vel
642 1289 949 1373 Phalaris
977 1296 1184 1368 taum,
1213 1290 1322 1354 vel
1352 1290 1614 1355 carcere
1647 1290 1886 1375 Sylla?

215 1453 317 1502 Non
334 1456 564 1516 tangitur
582 1459 723 1506 annis
742 1455 1064 1517 florentibus,
1085 1464 1411 1508 non-movetur
1429 1464 1681 1509 senectute.
1753 1460 1972 1509 Cervices
1989 1462 2217 1509 stillantes
2248 1463 2423 1513 adoles-

212 1526 384 1568 centum
406 1523 631 1570 abscissa·
650 1528 757 1571 sunt
787 1523 976 1586 bipenni
1012 1526 1251 1585 districta,
1282 1540 1437 1574 coram
1467 1525 1613 1573 oculis
1637 1531 1906 1588 pareutum.
1974 1526 2133 1575 Senex
2162 1542 2422 1587 remanens,

196 1584 298 1649 filio
317 1587 487 1647 occiso,
505 1587 901 1649 progrediebatur
921 1589 971 1636 in
991 1589 1189 1637 exilium
1223 1595 1331 1653 post
1364 1592 1652 1638 consulatum
1677 1606 1840 1639 suum.
1913 1591 2087 1654 Ecquis
2121 1592 2272 1640 valent
2311 1607 2423 1640 aar·

211 1663 309 1698 mre
338 1657 517 1699 mortes
550 1657 653 1700 tum
687 1653 976 1702 miserabiles
1011 1651 1179 1704 dictu?
1248 1655 1426 1718 Ecquis
1448 1655 1620 1703 valeat
1642 1656 1802 1717 lugere
1839 1659 2026 1716 strages
2061 1655 2268 1719 impius?
2333 1657 2420 1705 An

211 1721 422 1765 tortores
447 1717 667 1765 crudeles
687 1719 910 1766 dicuntur
939 1718 1188 1781 aliquando
1216 1718 1392 1779 secisse
1423 1720 1607 1783 aliquid
1643 1720 1813 1779 simile,
1845 1726 1928 1768 aut
1953 1720 2087 1769 Sinis
2120 1736 2234 1769 cum
2256 1722 2420 1769 arbore

210 1780 255 1827 in
287 1780 467 1829 Isthmo
499 1783 771 1845 Corinthio,
794 1788 877 1832 aue
910 1783 1076 1833 Sciron
1111 1800 1176 1833 ex
1213 1796 1328 1833 saxo
1367 1786 1482 1847 alto,
1519 1785 1851 1834 aut'Phaluris
1872 1800 1986 1834 cum
2010 1785 2137 1849 bove,
2167 1792 2250 1835 aut
2284 1786 2420 1850 Syna

1134 1900 1251 1920 ‘ec‘
1257 1900 1339 1920 ‘60
1345 1900 1491 1920 “O“

210 1977 384 2028 Petav.
463 1984 683 2030 τ.-247
715 1982 896 2031 vultum
933 1982 1057 2032 Vat.
1082 1984 1328 2045 pr.—-—250
1370 1981 1520 2046 possit
1557 1982 1689 2047 Reg.
1713 1982 1837 2033 Put.
1860 1981 2054 2030 Thuan.
2078 1983 2274 2032 Mazar.
2310 1988 2420 2031 tres

208 2043 382 2095 PetaV.
459 2060 527 2093 uo
552 2046 703 2095 Med.
728 2048 958 2096 Florent.
991 2047 1092 2097 duo
1119 2047 1290 2097 Oxou.
1327 2046 1428 2096 duo
1451 2047 1600 2096 Leid.
1632 2049 1818 2097 incert.
1858 2047 2045 2096 Heius·
2070 2048 2268 2096 Bonon.
2293 2048 2416 2099 Pat.

207 2117 304 2177 tres
329 2109 513 2161 Ambr.
541 2111 670 2161 Lov,
693 2112 894 2161 Tholos.
914 2112 1044 2161 Exc.
1067 2113 1284 2161 Lucens.
1310 2127 1414 2162 sec.
1436 2120 1492 2161 et
1519 2111 1637 2162 Ald.
1687 2117 1841 2174 posset
1880 2112 2023 2161 Med.
2049 2127 2126 2176 pr.
2167 2113 2284 2161 Pal.
2311 2124 2416 2167 vet.

208 2174 279 2222 ed.
298 2175 479 2224 Parm.
515 2191 766 2226 numerare
789 2179 924 2226 alter
946 2178 1306 2227 Moret.-252
1339 2176 1473 2226 Sinis
1494 2177 1751 2226 Isthmiaca
1774 2184 1917 2226 recte
1952 2178 2036 2226 ed.
2059 2177 2231 2226 Vicet.
2265 2178 2417 2227 Sinon

208 2239 395 2290 ’Πιίηἱεα
419 2242 567 2305 Reg.
588 2242 688 2290 duo
712 2244 899 2292 Petav.
920 2243 1106 2293 incert.
1127 2243 1309 2292 Heius.
1361 2242 1512 2291 Sinon
1539 2243 1751 2291 Thimicu
1765 2243 1967 2291 Tholos.
1991 2242 2135 2292 Med.
2162 2250 2286 2292 tert.
2311 2244 2413 2292 duo

208 2306 364 2354 Oxon.
392 2307 499 2355 duo
525 2307 675 2369 Leid.
696 2309 822 2357 Exc.
844 2306 1003 2357 Wolf.
1063 2309 1227 2372 Cynon
1270 2307 1450 2356 thinica
1486 2309 1632 2357 Rott.
1684 2308 1845 2373 Syrum
1882 2307 2047 2356 timim
2083 2309 2209 2356 Vat.
2243 2318 2414 2371 quart.

206 2369 376 2422 Petav.
402 2387 487 2436 pr.
543 2374 743 2436 Cyclops
765 2372 958 2437 thyaicu
979 2374 1212 2423 Florent.
1241 2372 1381 2422 Med.
1408 2386 1489 2435 pr.
1514 2380 1568 2423 et
1589 2388 1695 2422 sec.
1715 2390 1750 2421 a
1767 2389 1836 2421 m.
1861 2387 1939 2437 pr.
1978 2373 2177 2436 Cyclops
2203 2373 2416 2423 Thimica

205 2437 276 2485 vel
301 2436 479 2487 trunca
499 2437 626 2501 pinu
652 2436 798 2489 Leid.
816 2453 896 2503 pr.
947 2439 1131 2504 Ciclops
1167 2439 1360 2489 thimica
1381 2437 1499 2487 Pal.
1549 2440 1747 2503 Cyclops
1779 2437 1941 2488 Sicula
1972 2437 2169 2489 Thnan.
2219 2439 2418 2503 Cyclops

203 2501 378 2551 hamata
401 2519 576 2560 marg.
600 2504 783 2567 lsingr.
818 2505 967 2554 cimix
988 2506 1201 2554 Thimica
1225 2505 1378 2555 Farn.
1412 2504 1469 2553 Sa·
1492 2520 1582 2553 non
1604 2505 1750 2553 timeo
1770 2504 1889 2553 Pat.
1923 2502 1983 2552 Si
1999 2519 2089 2552 nou
2104 2504 2268 2552 tunica
2293 2504 2412 2555 Vat-

204 2568 352 2628 quint.
387 2568 449 2617 Si
467 2584 571 2618 non
597 2572 779 2619 Timica
802 2572 933 2619 alter
954 2571 1148 2620 Moret.
1199 2572 1396 2634 Cyclops
1429 2570 1591 2619 tunica
1629 2585 1762 2619 unus
1786 2569 1969 2619 Heius.
2011 2569 2213 2617 Schirou
2249 2569 2414 2618 timim

203 2632 334 2682 Med.
360 2642 547 2697 quart.
598 2634 735 2683 Sinis
766 2641 933 2685 trunca
972 2637 1099 2685 Exc.
1137 2635 1359 2685 Lucens.
1397 2650 1502 2684 sec.
1539 2636 1683 2698 signo
1714 2639 1772 2695 ÷
1799 2634 2056 2698 apposito,
2077 2649 2178 2697 quo
2212 2648 2413 2684 erasam

203 2711 302 2747 esse
337 2707 590 2749 veterem
631 2700 906 2749 lectionem
946 2707 1170 2751 notatur.
1239 2701 1384 2748 Cenis
1419 2700 1616 2749 mimica
1640 2701 1759 2749 Vat.
1783 2715 1887 2749 sec.
1919 2699 2127 2762 'Scynis
2163 2699 2414 2748 Hismiuca

201 2762 363 2813 Moret
399 2778 482 2826 pr.
549 2763 697 2813 Sinon
726 2764 894 2830 ‚timim
932 2767 1014 2814 vel
1062 2766 1252 2815 hamata
1276 2764 1419 2824 Pric.
1476 2765 1624 2815 Sinon
1665 2765 1843 2814 Timica
1876 2764 1960 2813 vel
1989 2765 2125 2813 Ciuis
2147 2765 2228 2811 vel
2251 2764 2413 2828 Syrum

202 2826 314 2878 ιον.
359 2829 655 2878 cinostinica
700 2830 782 2879 vel
817 2831 938 2880 cinis
975 2831 1189 2879 istmiaca
1238 2831 1361 2878 Put.
1411 2829 1571 2879 Scinis
1593 2829 1677 2878 ed.
1710 2831 1888 2878 Parm.
1923 2829 2115 2892 Isingr.
2140 2829 2308 2877 Pulm.
2346 2830 2411 2880 al.

204 2893 326 2941 Cim‘s
349 2894 568 2943 Ismiaca
592 2896 788 2945 Mazar.
836 2896 971 2944 Ciuis
988 2897 1108 2944 Vat.
1136 2910 1216 2960 pr.
1273 2894 1405 2944 Sinis
1426 2897 1545 2944 Vet.
1572 2896 1702 2958 Gyr.
1752 2895 1915 2944 Seruis
1937 2895 2037 2943 duo
2062 2894 2240 2942 Ambr.
2277 2894 2414 2944 Senis

200 2957 386 3008 Bonon.
451 2959 702 3024 profunda
734 2960 881 3010 Leid.
913 2960 1113 3025 profana
1146 2959 1328 3010 Ambr.
1364 2963 1611 3024 pr.--258
1669 2959 1847 3008 Chiron
1884 2961 2014 3024 Reg.
2056 2961 2176 3009 Put.
2210 2960 2416 3010 Tbuan.

1194 3093 1408 3145 NOTAE

253 3221 346 3269 246
380 3220 500 3268 Non
530 3221 682 3269 ‘atate
701 3220 853 3282 labat]
922 3221 1040 3271 Non
1059 3220 1268 3271 dubitat
1349 3227 1493 3281 tum3
1545 3219 1748 3284 signum
1785 3233 1881 3282 pro
1918 3232 1973 3266 re
2011 3215 2242 3280 signata:
2290 3230 2407 3264 nam

199 3294 259 3344 ob
295 3303 511 3347 aetatem
561 3297 793 3362 senilem,
832 3313 897 3347 an
936 3312 1149 3363 parcere
1177 3297 1265 3348 de·
1348 3297 1534 3349 trabea
1566 3298 1731 3362 primo
1773 3295 1873 3345 fuit
1895 3295 2117 3358 Regum,
2153 3298 2209 3342 et
2230 3292 2410 3357 Augu-

200 3369 329 3421 beat.

251 3454 342 3499 247
382 3452 522 3500 Ante
569 3455 765 3513 patrum
799 3451 978 3515 vultus]
1042 3452 1261 3503 Patrum

196 3526 354 3575 vultus
377 3527 618 3578 filiorum
640 3528 888 3591 sanguine
909 3527 1124 3593 foedare,
1147 3538 1262 3580 erat

195 3602 373 3654 ultimae
432 3605 799 3655 immanitatis·
879 3606 967 3656 Sic
1022 3606 1261 3657 Priamus

196 3678 442 3743 Pyrrhum
469 3682 775 3732 detestatur
796 3683 932 3746 apud
951 3683 1258 3747 Virgilium:

196 3757 209 3782 ‘
231 3755 311 3808 Dii
365 3760 558 3810 debita
611 3761 840 3811 reddant
894 3762 1138 3825 Praemia,
1172 3762 1260 3827 qui

199 3835 292 3884 nati
314 3851 495 3886 coram
526 3852 612 3886 me
636 3852 851 3887 cernere
890 3839 1050 3889 letum
1083 3841 1258 3890 Fecis-

199 3911 250 3974 ti,
262 3919 313 3963 et
335 3914 544 3977 patrios
562 3912 772 3964 foedasti
789 3909 1036 3980 sanguine
1050 3918 1260 3968 vultus.’

251 3991 342 4038 248
378 3990 519 4039 Nato
559 3992 789 4054 moriente
819 3993 1073 4060 superstes]
1140 3995 1260 4044 Sce-

195 4066 548 4117 lentissimum
571 4068 878 4134 habebatur,
914 4069 1074 4120 filium
1101 4072 1259 4123 truci-

196 4140 325 4206 dare,
356 4144 578 4194 vivente
627 4151 811 4207 patre3
844 4161 960 4196 nam
1004 4149 1077 4197 sic
1121 4148 1258 4198 filius

196 4220 511 4284 rapiebatur,
556 4220 660 4270 ‘v1n
704 4211 1071 4273 'contumeliam
1121 4224 1254 4275 fato-

198 4309 316 4360 rum,
334 4298 552 4348 turbato
572 4297 755 4347 ordine
778 4300 1143 4351 mortalitatis.'

252 4378 343 4425 249
395 4376 524 4425 Post
567 4373 784 4438 trabeas]
848 4377 979 4427 Post
1018 4377 1253 4428 consula-

1345 3389 1492 3434 rum;
1528 3382 1584 3424 at
1626 3373 1727 3424 fuit
1775 3381 1830 3423 et
1868 3373 2162 3433 Consulum,
2204 3372 2308 3421 imo
2352 3376 2408 3420 et

1344 3452 1593 3515 equitum.
1871 3499 1876 3504 ,

1406 3531 1504 3576 252
1552 3525 1709 3589 Sinis]
1766 3525 1866 3573 Vel
1911 3525 2082 3573 seinis.
2147 3525 2307 3574 Latro
2354 3523 2405 3573 in

1339 3602 1536 3653 Isthmo
1561 3602 1892 3654 Corinthiaco
1912 3602 2169 3663 habitans,
2202 3601 2290 3667 qui
2325 3616 2407 3650 ar-

1339 3681 1525 3731 borum
1578 3696 1744 3729 ramos
1797 3680 1850 3728 vi
1903 3695 2086 3743 magna
2137 3679 2406 3744 curvabat,

1339 3758 1508 3823 iisque
1551 3757 1776 3806 curvatis
1819 3757 2079 3805 hominum
2129 3764 2403 3821 captorum

1342 3835 1549 3885 brachia
1588 3842 1641 3884 et
1666 3834 1825 3898 pedes
1851 3833 2115 3898 alligabat,
2137 3842 2196 3883 ut
2217 3834 2401 3884 iisdem

1340 3914 1496 3963 ramis
1539 3928 1737 3962 sursum
1793 3911 2079 3960 nitentibus
2128 3919 2284 3976 atque
2322 3925 2401 3961 re-

1340 3989 1635 4050 deuntibus,
1661 3987 1859 4051 alligati
1893 3987 2121 4035 homines
2154 3986 2403 4036 crudelis-

1337 4068 1462 4115 sime
1504 4066 1955 4129 discerperentur:
1994 4062 2125 4126 ipse‚
2148 4064 2399 4127 supplicio

1340 4144 1478 4209 quod
1514 4143 1800 4203 invenerat,
1823 4159 1852 4190 a
1874 4142 2077 4190 Theseo
2113 4147 2168 4190 et
2204 4141 2397 4191 crucia·

1336 4230 1420 4273 tus
1442 4227 1498 4271 et
1520 4219 1755 4270 sublatus
1778 4225 1877 4267 est.

1400 4297 1555 4360 Pina]
1612 4295 1718 4344 Pro
1740 4293 1970 4360 qualibet
1990 4290 2192 4341 arbore.

1398 4381 1497 4430 253
1552 4371 1745 4436 Sciron]
1809 4373 1966 4421 Latro
2011 4369 2101 4437 qui
2148 4371 2395 4435 proximis
