2925 4928
445 421 583 490 598
1150 440 1261 488 οι..
1310 437 1737 491 cunnum
1789 432 1964 495 xxi.

442 586 778 653 Cornibus
807 586 1106 653 infractis
1136 588 1311 654 adeo
1334 589 1691 657 mitescere
1720 592 1928 675 cogis„
2430 603 2436 607 ’
2647 603 2660 636 ³

444 691 543 758 Ut
572 693 798 758 Salius
816 693 961 778 jam
992 713 1151 757 rura
1180 693 1379 773 colat,
1409 693 1756 778 flexosque
1786 694 2198 778 Sygambrus

444 796 528 860 In
556 797 799 862 falcem
827 801 1060 861 curvet
1087 795 1366 878 gladios»,
1399 798 1828 880 geminasque
1860 797 2078 861 viator

445 897 617 963 Cum
647 900 871 964 videat
899 898 1103 982 ripas»,
1136 918 1290 982 quae
1321 899 1409 965 sit
1437 899 1748 964 Romana
1773 897 2086 981 requirat.
2645 952 2654 956 ,

443 1001 543 1066 Ut
562 1002 707 1088 jam
735 1009 916 1067 trans
947 1002 1243 1080 fluvium,
1274 1022 1408 1067 non
1436 1003 1821 1084 indignante
1851 1000 2109 1078 Caiico,
2521 995 2655 1070 225

440 1104 692 1171 Pascat
720 1106 933 1189 Belga
958 1126 1186 1189 pecuS,
1217 1107 1639 1190 mediumque
1668 1106 1964 1187 ingressa
1993 1122 2112 1186 per
2140 1103 2348 1171 Albin

440 1207 713 1274 Gallica
745 1208 1153 1274 Francorum
1181 1215 1442 1274 montes
1472 1213 1766 1272 armenta
1793 1213 2172 1296 pererrent:

441 1309 539 1375 Ut
566 1312 797 1395 procul
830 1311 1193 1396 Hercyniae
1223 1331 1342 1396 per
1370 1317 1566 1376 vasta
1596 1309 1868 1374 silentia
1894 1307 2106 1390 sylvae

440 1413 701 1479 Venari
729 1421 873 1480 tuto
901 1415 1125 1494 liceat,
1153 1416 1478 1500 lucosque
1506 1418 1765 1480 vetusta

436 1581 673 1644 mitigari,
693 1587 749 1630 at
759 1581 866 1642 jam
887 1580 1011 1630 Salii
1043 1583 1260 1630 excolant
1293 1596 1427 1644 arva,
1450 1586 1499 1630 et
1530 1580 1780 1645 Sycambri
1799 1582 1988 1630 sinuent
2006 1597 2139 1631 enses
2158 1588 2375 1632 curvatos
2392 1583 2442 1632 in
2448 1583 2650 1648 falcem,

435 1652 481 1697 et
504 1647 660 1696 viator
676 1661 785 1696 enm
802 1652 979 1710 spectet
1009 1648 1177 1696 littora
1212 1648 1321 1706 duo,
1357 1651 1493 1710 petat
1535 1648 1765 1709 quodnam
1805 1648 1871 1695 sit
1916 1648 2196 1696 Romanum.
2271 1650 2338 1697 Ut
2356 1649 2466 1709 jam
2489 1650 2649 1711 Belga

434 1712 625 1761 nutriat
660 1727 832 1775 pecora
872 1712 1209 1775 ultraflumen,
1234 1713 1388 1760 Cauco
1410 1727 1504 1760 non
1541 1714 1787 1772 irascente,
1820 1717 1868 1761 d
1888 1718 2104 1761 armenta
2144 1713 2330 1762 Gallica
2358 1719 2650 1777 pretereun-

435 1778 508 1826 tiu
536 1792 624 1841 per
665 1777 828 1827 Albim
866 1778 1069 1826 medium
1109 1782 1367 1840 peragrent
1410 1778 1548 1825 colles
1581 1776 1891 1825 Franconiae:
1924 1783 1978 1826 ut
1999 1778 2309 1840 permittatur
2329 1780 2494 1827 venari
2515 1781 2649 1842 longe

432 1857 518 1905 per
531 1843 807 1892 solitudines
817 1843 1012 1892 silenus
1029 1845 1175 1906 sylva:
1194 1842 1471 1906 Hercynioe,
1494 1846 1542 1890 et
1571 1848 1630 1890 ut
1656 1856 1837 1890 secures
1856 1847 2029 1891 nostroe
2049 1845 2316 1906 percutiant
2335 1849 2440 1893 tuto
2460 1859 2652 1895 nemora

1361 1954 1599 1975 ceuceu
1605 1954 1691 1973 ‘O‘
1697 1954 1722 1973 O

438 2035 659 2087 Gevart.
682 2038 901 2089 Lucens.
925 2053 1027 2088 sec.
1045 2039 1170 2087 Var.
1196 2039 1298 2087 LL.
1323 2037 1406 2087 ed.
1440 2035 1602 2086 Antv.
1625 2036 1752 2085 item
1776 2036 2003 2087 Florent.
2026 2052 2143 2088 cum
2167 2038 2333 2101 glossa
2370 2037 2404 2087 i.
2427 2053 2469 2087 e.
2491 2039 2648 2102 plena.
2711 2043 2718 2044 ’

436 2105 539 2152 tota
561 2109 617 2151 et
639 2104 1051 2166 superscriptum
1082 2105 1223 2167 plena
1265 2104 1396 2166 Reg.
1436 2100 1546 2161 suit
1578 2102 1662 2150 vel
1681 2102 1820 2151 micet
1843 2103 2007 2153 Oisel.
2060 2103 2316 2152 niinantem
2337 2104 2439 2152 inc.
2464 2104 2646 2168 Heius.

435 2171 599 2215 -222
633 2167 794 2216 Salias
815 2170 1003 2217 Petav.
1039 2184 1140 2218 sec.
1175 2168 1322 2218 Med.
1343 2175 1471 2217 tert.
1495 2167 1598 2216 inc.
1622 2166 1805 2217 Heius.
1826 2167 1929 2217 dno
1947 2166 2129 2217 Ambr.
2155 2169 2278 2218 Var.
2303 2183 2331 2217 e
2355 2169 2460 2219 LL.
2485 2183 2648 2233 marg.

435 2230 613 2281 Parm.
668 2232 836 2282 Saeuis
856 2235 977 2283 Pat.
998 2233 1180 2282 Saevus
1201 2247 1376 2282 omnes
1395 2232 1546 2281 Vatt.
1571 2232 1685 2282 Pal.
1708 2233 1864 2282 Fam.
1901 2233 2043 2283 Prie.
2068 2233 2218 2283 Rott.
2241 2234 2405 2283 Oisel.
2423 2233 2459 2284 J
2465 2248 2550 2285 un.
2568 2249 2647 2297 pr.

435 2294 621 2346 Ambr.
663 2311 770 2347 sec.
811 2299 939 2347 LoV.
987 2298 1160 2347 Oxou.
1205 2312 1306 2348 sec.
1340 2297 1490 2346 ambo
1524 2297 1717 2347 Moret.
1745 2295 1866 2346 Ald.
1889 2298 2015 2347 Exc.
2040 2298 2175 2348 Laeti
2209 2305 2267 2347 et
2286 2299 2409 2347 Var.
2434 2300 2540 2350 LL.
2559 2299 2648 2351 ed.

437 2358 597 2411 Αιιῑν.
652 2361 811 2411 Salius
849 2364 930 2412 vel
963 2362 1142 2412 Saevus
1186 2363 1319 2425 Reg.
1356 2362 1529 2412 Oxou.
1563 2376 1645 2425 pr.
1681 2362 1796 2423 jura
1816 2364 1939 2412 Vat.
1963 2378 2041 2426 pr.
2065 2378 2133 2412 m.
2168 2379 2248 2425 pr.
2283 2364 2425 2414 Prie.
2447 2380 2518 2413 m.
2543 2379 2647 2415 sec.

436 2426 600 2478 Oisel.
652 2432 760 2477 tuta
781 2429 982 2479 Thuan.
1024 2428 1274 2491 flexusque
1309 2426 1430 2477 Vat.
1468 2442 1547 2490 pr.
1583 2426 1698 2478 Pal.
1729 2427 1872 2476 Prie.
1895 2428 1995 2478 duo
2019 2428 2201 2479 Medd.
2224 2429 2344 2480 Jun.
2369 2443 2446 2492 pr.
2471 2430 2648 2481 Oxou.

432 2506 539 2543 sec.
574 2492 834 2543 sicambris
854 2495 938 2545 ed.
963 2496 1133 2545 Vicet.
1158 2493 1433 2544 Sicambrus
1454 2493 1687 2542 Florent.
1711 2492 1813 2542 duo
1833 2493 2012 2543 Medd.
2041 2493 2323 2556 Sigrambus
2340 2494 2505 2545 Oisel.
2555 2496 2645 2560 Sy·

433 2557 648 2607 cambi-us
661 2560 785 2611 Vat.
808 2575 888 2623 pr.
911 2567 967 2610 et
989 2567 1112 2611 tert.
1134 2561 1250 2610 Pal.
1266 2559 1411 2608 Prie.
1450 2557 1705 2622 flexusque
1720 2558 1991 2608 Sicambrus
2007 2559 2210 2608 ΤΙιιιειυ.
2231 2560 2424 2609 Mazar.
2458 2560 2645 2610 Sicam-

433 2622 510 2671 bri
528 2624 686 2674 Gesn.
710 2632 766 2675 et
786 2625 868 2676 ed.
893 2627 1267 2689 BiponL—223
1289 2624 1447 2684 falces
1468 2624 1590 2673 Vat.
1616 2637 1721 2672 sec.
1777 2629 1973 2673 caueant
1997 2625 2124 2679 Exc.
2151 2625 2302 2675 Laeti.
2334 2629 2500 2673 curvet
2523 2627 2642 2677 Vat-

434 2691 516 2751 ρι’.
541 2696 594 2739 et
616 2695 736 2738 tert.
756 2690 875 2740 Pal.
901 2692 1045 2741 Prie.
1072 2691 1237 2740 Oisel.
1260 2691 1385 2742 Jun.
1422 2696 1480 2738 et
1517 2689 1702 2738 PetaV.
1748 2704 1829 2753 pr.
1867 2690 2041 2740 Oxon.
2065 2703 2169 2739 sec.
2194 2690 2388 2739 Mazar.
2412 2690 2644 2740 Florent.

434 2753 540 2801 dno
592 2755 774 2806 Medd.
829 2763 1021 2806 curvent
1073 2757 1237 2806 Gesn.
1293 2762 1346 2804 et
1386 2754 1471 2804 ed.
1505 2754 1884 2817 Bipont.—-224
1920 2756 2038 2801 Cum
2081 2755 2241 2803 rideat
2274 2755 2401 2804 Put.
2456 2755 2645 2817 videant

433 2815 615 2867 Ambr.
636 2826 755 2870 tert.
809 2837 911 2884 quoe
925 2824 1005 2870 vel
1028 2837 1090 2870 aa
1109 2821 1176 2870 sit
1196 2822 1320 2871 Vat.
1343 2835 1426 2884 pr.
1482 2819 1582 2868 sint
1612 2818 1786 2884 Prie...
1809 2819 2009 2882 requirit
2027 2820 2147 2867 Vat.
2168 2834 2271 2868 sec.
2296 2819 2447 2870 Rott.
2471 2820 2651 2872 Oxou.

435 2887 675 2944 ρι’.-225
716 2886 869 2948 Cayco
916 2886 1097 2935 Ambr.
1139 2892 1266 2937 tert.
1311 2886 1441 2934 Exc.
1468 2883 1620 2934 Laeti.
1680 2884 1866 2947 Caycho
1890 2884 2121 2937 Florent.
2145 2883 2291 2932 Med.
2314 2898 2415 2934 sec.
2470 2885 2645 2934 Caicho

426 2948 559 2997 Vat.
580 2963 681 2998 sec.
699 2950 852 3000 Farn.
869 2952 1015 3002 Med.
1029 2959 1199 3015 quart.
1227 2950 1400 3001 Coiclio
1416 2951 1549 3013 Reg.
1579 2948 1776 2997 Caischo
1790 2947 1937 2997 Leid.
1957 2963 2034 3011 ρι’.
2060 2949 2235 2996 ΟαΙιὶοο
2250 2949 2372 2998 Vat.
2393 2951 2645 3000 tert.Pal.

430 3012 635 3061 Tbuan.
660 3014 802 3062 Med.
864 3031 906 3064 ι’.
960 3017 1104 3065 Caico
1127 3016 1251 3065 Put.
1270 3015 1459 3064 Petav.
1486 3030 1567 3078 pr.
1599 3013 1702 3062 dno
1720 3012 2037 3073 Vatt.ambo
2060 3014 2255 3063 Moret.
2297 3014 2473 3063 Chaico
2497 3015 2642 3064 Prie.

432 3077 581 3127 Rott.
601 3077 803 3128 TholoS.
877 3086 1015 3129 etav.
1034 3087 1158 3130 tert.
1213 3080 1418 3129 Cher-aco
1439 3079 1569 3128 Var.
1594 3079 1700 3127 LL.
1724 3091 1755 3126 e
1777 3092 1937 3141 marg.
1959 3078 2135 3126 Parm.
2177 3079 2364 3128 Chauco
2380 3086 2486 3131 vet.
2512 3080 2643 3143 Gyr.

328 3168 331 3169 ν
434 3142 653 3192 ΟΙιαιιι-Ιιο
666 3143 831 3194 Oisel.
870 3146 1056 3194 Caucho
1072 3145 1194 3195 Vat.
1211 3159 1290 3208 pr.
1306 3144 1449 3193 Med.
1466 3143 1800 3193 tert.Bonon.
1818 3142 2000 3191 Ambr.
2022 3158 2101 3206 pr.
2115 3143 2302 3193 PetaV.
2327 3159 2430 3194 sec.
2466 3145 2643 3195 Caicho

430 3209 514 3256 vel
540 3208 727 3258 Chauco
741 3210 865 3259 ch.
893 3211 1080 3274 Chayco
1104 3211 1187 3259 vel
1212 3209 1448 3258 Chenicho
1470 3209 1571 3259 inc.
1596 3208 1776 3258 Heius.
1818 3208 1959 3256 Caico
1977 3209 2060 3256 vel
2084 3209 2327 3257 Cherucho
2337 3208 2519 3260 Ambr.
2536 3224 2642 3260 sec.

426 3277 592 3322 —226
625 3275 772 3323 Belca
809 3277 949 3324 Rott.
994 3275 1140 3324 Med.
1177 3290 1285 3324 sec.
1340 3274 1502 3324 Albim
1541 3280 1764 3338 quatuor
1796 3273 1945 3325 Vatt.
1991 3274 2106 3323 Pal.
2129 3275 2286 3322 Farn.
2320 3275 2464 3325 Prie.
2494 3277 2640 3325 Rott.

428 3338 577 3387 Albin
601 3339 730 3401 Reg.
751 3340 947 3390 Bonon.
965 3341 1158 3391 Moret.
1180 3355 1284 3389 sec.
1310 3339 1413 3390 inc.
1440 3339 1625 3388 Heius.
1649 3337 1772 3387 And.
1803 3338 1929 3387 Var.
1955 3338 2059 3387 LL.
2090 3352 2119 3386 e
2144 3353 2306 3402 marg.
2329 3339 2506 3391 Parm.
2558 3341 2643 3390 Al-

427 3402 537 3452 bum
568 3404 765 3453 Thuan.
805 3404 994 3454 Petav.
1034 3409 1275 3469 pru—227
1298 3405 1548 3465 fumorum
1582 3404 1893 3452 Rota—228
1926 3403 2170 3451 Hircinioe
2210 3405 2337 3453 Lov.
2398 3405 2647 3455 Eutherioe

428 3466 526 3518 inc.
550 3468 901 3519 Heium—229
941 3471 1143 3521 Vernari
1163 3470 1307 3521 Med.
1331 3472 1599 3520 sem—230
1634 3468 1694 3516 In
1730 3469 1921 3530 regione
1957 3469 2076 3518 Vat.
2100 3482 2180 3532 ρι’.
2203 3476 2258 3518 et
2281 3475 2403 3520 tert.
2437 3486 2506 3523 m.
2538 3484 2643 3522 sec.

1427 3613 1647 3665 No‘rAE
1837 3688 1840 3691 Ι

492 3742 585 3787 221
628 3740 861 3790 Cornibus
898 3742 1143 3805 infractis]
1194 3743 1384 3791 Fracta
1407 3739 1494 3788 ob·
1574 3737 1764 3786 Franci
1785 3737 2250 3800 distinguebantur.
2318 3710 2461 3788 Galli
2492 3747 2643 3790 erant

427 3814 706 3865 stinatione
731 3818 1054 3881 populorum.
1574 3813 1661 3877 qui
1691 3812 1892 3862 Gallias
1925 3828 2087 3877 usque
2112 3812 2177 3862 ad
2213 3813 2456 3863 Rhenum
2477 3822 2535 3865 et
2565 3818 2644 3864 nl-·

489 3883 588 3928 222
621 3881 798 3944 Salius,
819 3884 1135 3948 Sygambrus]
1164 3883 1288 3933 Salii
1314 3882 1495 3946 POPUU
1575 3890 1735 3942 terius
1773 3896 2046 3953 protensas
2078 3890 2415 3940 incolebant:
2453 3892 2645 3942 Franci

427 3959 623 4008 accolae
648 3957 790 4008 fluvii
813 3963 945 4011 Salae
971 3962 1021 4011 in
1043 3962 1332 4011 Franconia
1354 3979 1366 4010 :
1402 3961 1494 4026 Sy·
1576 3981 1697 4017 vero
1719 3963 1871 4017 e'rant
1890 3967 2068 4031 populi
2093 3967 2412 4017 Franconiae.

425 4033 627 4083 cambri
651 4038 735 4085 vel
756 4037 1030 4101 Sygambri
1048 4038 1228 4102 populi
1242 4038 1494 4088 Ubiorum
1638 4050 1737 4094 228
1771 4043 2054 4109 Her-cynice]
2073 4045 2230 4107 Sylva
2248 4043 2519 4107 Hercynia
2533 4046 2638 4095 late

423 4115 659 4159 veterum
682 4128 861 4163 versus
885 4114 1166 4164 Coloniam.
1576 4121 1697 4170 olim
1753 4137 1847 4186 per
1885 4122 2219 4172 Germaniam
2259 4136 2462 4184 sparsa,
2505 4137 2640 4172 nunc

486 4188 583 4235 225
623 4188 799 4254 Caiico]
855 4191 1018 4240 Cauci
1058 4191 1367 4241 accolebant
1400 4191 1492 4240 Al·
1572 4188 1697 4247 itero
1737 4199 1790 4246 in
1844 4198 2107 4248 montibus
2135 4240 2142 4243 .
2167 4199 2505 4262 Bojobaemis,
2540 4199 2640 4249 etsi

400 4261 532 4325 bin,
551 4267 608 4311 et
629 4263 821 4326 Belgas
843 4268 1036 4328 saepius
1055 4266 1389 4323 infestabant·
1481 4310 1486 4315 .
1569 4289 1758 4336 magna
1792 4290 1997 4341 quoqne
2042 4282 2140 4338 est,
2174 4276 2327 4338 longe
2365 4283 2443 4326 est
2464 4283 2636 4327 tamen

490 4340 587 4392 22⁷
624 4338 812 4409 Gallica
859 4341 1177 4406 Francorum]
1229 4342 1370 4394 Galli
1434 4349 1493 4396 et
1573 4349 1858 4414 angustior.
