2925 4928
818 389 831 401 '
952 416 1033 463 m
1084 417 1202 466 cn.
1250 412 1791 468 CLAUDIANUM.
2383 408 2473 477 83

278 561 405 646 βψ)
428 556 751 644 potuisset
774 561 1020 645 inseri3
1049 562 1167 628 sed
1199 570 1562 649 sequentes
1587 586 1847 645 versuS,
1878 570 2123 653 quibus
2151 574 2470 657 physices

274 666 624 735 doctrinam
673 664 1001 731 ostentare
1029 667 1316 746 videtur,
1345 670 1509 733 mihi
1540 671 1809 754 quidem
1853 692 1984 737 non
2028 677 2245 741 solum
2287 680 2469 764 frigi..

271 770 538 859 dissimi,
569 770 684 834 sed
736 771 941 853 plane
969 769 1237 835 absurdi
1265 770 1590 838 videntur.
1683 772 1991 840 Ceterum
2019 781 2138 844 vix
2173 783 2465 865 attinuit,

267 869 511 950 Siciliae
578 873 996 939 nobilitatem
1070 878 1414 958 tantopere
1486 877 1842 956 celebrare,
1915 900 2066 944 cum
2138 885 2466 954 obscurus

264 976 489 1060 aliquis
545 977 832 1059 angulus
863 976 1117 1042 Cereris
1159 978 1440 1044 consilio
1494 983 2054 1050 accommodatior
2101 987 2361 1072 fuisset,
2391 995 2464 1069 id

262 1077 424 1162 quod
455 1079 660 1146 Ceres
689 1080 850 1164 ipsa
877 1080 1070 1144 sentit
1099 1098 1383 1164 seroque
1412 1082 1753 1166 profitetur
1779 1084 1933 1171 (111.
1971 1087 2112 1156 120.
2141 1093 2349 1179 sqq.).
2453 1146 2458 1175 2

337 1182 532 1262 Filia,
567 1191 647 1248 ut
694 1185 985 1271 putabat
1035 1181 1237 1249 Ceres
1294 1186 1413 1250 illa
1470 1186 1761 1270 quidem,
1819 1192 1988 1255 bene
2038 1196 2460 1283 abscondita,

257 1288 370 1353 iter
395 1288 562 1352 facit
591 1308 711 1371 per
741 1283 966 1352 a'erem
994 1286 1079 1363 ad
1110 1284 1405 1370 Cybelen
1433 1288 1503 1352 in
1527 1288 1882 1374 Phrygiam
1907 1294 2007 1381 (v.
2034 1297 2459 1387 170—211.).

259 1388 473 1468 Quod·
506 1410 669 1455 cum
724 1389 999 1473 Jupiter
1049 1390 1357 1468 vidisset,
1418 1390 1752 1458 Venerem
1811 1401 2114 1479 arcessit,
2172 1422 2456 1490 eamque

248 1493 429 1587 jubet
484 1498 763 1576 postero
819 1495 931 1558 die
988 1494 1483 1577 Proserpinam,
1546 1496 1721 1561 dolis
1793 1499 2327 1584 circumventam,
2386 1510 2459 1575 in

147 1604 152 1609 ’
254 1616 562 1679 campum
596 1598 955 1688 deducere,
976 1599 1300 1681 simulque
1329 1598 1649 1678 hortatur,
1704 1607 1779 1665 ut
1829 1603 1994 1669 fines
2043 1606 2307 1691 imperii
2350 1614 2456 1681 sui

252 1700 445 1771 etiam
474 1700 664 1785 apud
714 1699 962 1765 inferos
1015 1699 1334 1783 proferat,
1387 1702 1491 1766 ita
1533 1707 1610 1766 ut
1638 1703 1751 1767 vel
1787 1703 2010 1771 Furiae
2040 1713 2288 1774 amoris
2316 1714 2458 1780 vim

250 1804 519 1883 sentiant
540 1802 647 1889 (v.
669 1802 1097 1887 212—226.).
1150 1803 1580 1870 Mirationem
1605 1806 1899 1891 quidem,
1923 1828 2154 1874 verum
2184 1815 2455 1893 minime

248 1907 522 1989 epicam,
582 1905 715 1972 hoc
770 1907 923 1975 loco
971 1906 1139 1972 facit
1184 1907 1556 1974 consilium
1598 1926 1641 1971 a
1664 1906 1842 1972 Jove
1886 1910 2147 1990 initum,
2180 1917 2356 1997 quod
2409 1937 2457 1985 a

247 2008 502 2075 Venere
532 2010 885 2094 perficitur
930 2011 1055 2089 ita,
1110 2014 1190 2074 ut
1241 2010 1473 2088 Pluto,
1532 2011 1601 2074 in
1650 2012 1845 2096 cujus
1897 2014 2174 2094 gratiam
2231 2021 2454 2101 omnia

245 2113 504 2193 fiebant,
563 2135 651 2178 ne
710 2114 982 2178 minima
1038 2114 1312 2198 quidem
1374 2113 1858 2198 significatione
1934 2119 2171 2183 certior
2230 2121 2449 2206 fieret3

245 2218 554 2302 quodque
585 2217 701 2282 ille
729 2219 855 2283 iter
882 2218 1110 2281 statim
1141 2217 1229 2282 ad
1279 2218 1468 2282 illum
1517 2217 1744 2282 locum
1790 2219 2079 2297 molitur,
2132 2224 2201 2286 in
2253 2245 2453 2309 quem

245 2322 718 2406 Proserpinam
749 2322 993 2386 Venus
1023 2329 1166 2387 erat
1218 2323 1615 2400 deductura,
1645 2341 1844 2405 quem
1892 2327 1966 2386 ut
2015 2325 2188 2388 scire
2215 2334 2452 2409 posset

240 2430 479 2498 tantum
511 2427 774 2505 aberat,
805 2432 880 2493 ut
933 2426 1133 2511 plane
1183 2427 1383 2493 etiam
1433 2427 1796 2510 ignoraret,
1828 2424 1993 2509 quid
2021 2425 2288 2512 Jupiter
2314 2436 2448 2512 sta-

238 2531 482 2599 tuisset.
637 2529 777 2610 Qui
834 2535 1060 2615 potest
1128 2530 1335 2614 poeta
1417 2531 1654 2615 epicus
1725 2529 1844 2595 illa
1927 2535 2445 2616 praetermittere,

240 2637 466 2719 quibus
498 2635 778 2701 omissis
807 2634 916 2698 vel
942 2635 1235 2718 vulgaris
1262 2635 1557 2700 narratio
1587 2652 1832 2698 manca
1858 2632 2014 2698 fiat!

313 2738 554 2805 Venus
610 2741 682 2805 in
729 2738 1028 2803 Siciliam
1085 2757 1453 2822 properans
1512 2737 1911 2822 adJunxerat
1967 2737 2098 2802 sibi
2159 2742 2444 2808 comites

240 2842 612 2909 Minervam
635 2849 704 2906 et
736 2841 1025 2907 Dianam
1056 2843 1265 2907 totius
1308 2841 1575 2906 consilii
1604 2842 1892 2924 ignaras.
1984 2839 2122 2906 Cur
2141 2840 2270 2908 hoc
2299 2843 2444 2910 fac-

235 2952 361 3011 tum
389 2948 508 3025 sit,
545 2947 858 3010 docemur
886 2944 1057 3009 infra
1079 2944 1231 3031 (111.
1261 2943 1452 3029 209.)
1481 2965 1572 3010 ex
1606 2950 1820 3010 mente
1847 2944 2126 3014 nutricis
2168 2944 2268 3030 (v,
2310 2947 2443 3018 229

231 3046 521 3134 -236.).
614 3048 979 3132 Expectari
1009 3053 1293 3131 poterat,
1317 3046 1591 3130 poetam
1611 3045 2136 3130 descriptionem
2164 3048 2439 3131 aedium,

232 3152 293 3218 in
339 3154 594 3238 quibus
646 3150 1061 3235 Proserpina
1111 3150 1567 3227 delitescebat,
1622 3169 1761 3213 non
1817 3168 1968 3213 esse
2011 3149 2437 3232 omissurum,

232 3256 420 3340 idque
449 3255 888 3340 potissimum
940 3259 1627 3334 commemoraturum,
1676 3257 2084 3337 quantopere
2127 3253 2442 3321 latuerint

231 3360 511 3426 consilio
543 3356 806 3422 Cereris
837 3356 1372 3437 accommodate3
1419 3357 1541 3422 sed
1581 3356 1913 3440 palatium
1942 3376 1985 3420 a
2017 3354 2439 3441 Cyclopibus

232 3467 550 3528 structum
578 3460 774 3534 finxit
797 3461 948 3526 'cum
996 3479 1203 3543 opere
1232 3459 1680 3526 firmissimum
1709 3465 1854 3524 tum
1878 3460 2157 3523 materia
2181 3461 2439 3540 magni7

231 3562 730 3632 ficentissimum
785 3561 883 3649 (v.
912 3559 1337 3646 237—245.).
1425 3562 1507 3627 In
1566 3561 1704 3626 illis
1764 3557 2174 3645 Proserpina
2237 3562 2438 3628 telam

232 3653 622 3746 tenebatfin
665 3666 862 3760 cujus
917 3665 1199 3732 artificio
1251 3665 1695 3731 describendo
1744 3662 2149 3729 Claudianus
2202 3664 2437 3734 Ovidii

234 3788 406 3837 more
433 3771 830 3837 luxuriatur
870 3754 972 3857 (ν’.
999 3766 1434 3854 246—265.).
1523 3768 1872 3854 Lacrymae
1909 3768 2137 3832 subito
2180 3769 2433 3833 obortae

235 3871 476 3940 faciunt
507 3894 709 3939 omen
739 3872 839 3960 (v,
871 3871 1296 3958 266-268.).
1388 3874 1561 3939 Deae
1612 3871 1880 3938 cardine
1922 3891 2122 3937 verso
2173 3873 2435 3952 intrant,

233 3977 612 4062 subitusque
662 3979 889 4056 rubor,
943 3980 1011 4044 in
1060 3975 1198 4064 quo
1245 3978 1685 4052 describendo
1734 3982 2283 4060 quatuorversus
2313 3975 2435 4038 im-

235 4080 620 4162 penduntur,
652 4081 1082 4167 Proserpinae
1110 4082 1360 4168 faciem
1405 4082 1603 4165 tingit
1630 4079 1729 4167 (v.
1754 4075 2181 4162 269-2’78.).
2270 4076 2317 4143 J
2320 4095 2432 4148 am

236 4199 411 4249 aures
440 4185 692 4268 cupide
725 4175 1097 4269 arrig'imus,
1155 4193 1236 4250 ut
1283 4186 1755 4269 percipiamuS,
1788 4181 2125 4267 quomodo
2158 4180 2432 4246 Proser·

234 4284 379 4368 pina
428 4286 591 4351 deas
624 4288 1016 4370 exceperit,
1056 4307 1272 4383 ⁴quam
1318 4286 1620 4352 fraudem
1652 4286 1883 4354 Venus
1925 4283 2160 4350 molita
2213 4283 2323 4361 sit,
2353 4286 2431 4348 ut

348 4387 530 4454 υιιριι.
548 4393 598 4439 et
628 4388 750 4441 ναν.
768 4390 900 4442 σιω.
1253 4390 1427 4441 claua.
1569 4402 1576 4414 <
2251 4381 2296 4434 c
