2925 4928
778 422 876 470 nn
922 420 1149 470 anr.
1198 419 1483 470 nonen.
1532 421 1625 470 m·
1673 423 1859 472 MAR.
2287 387 2421 475 :325

228 566 687 653 Certatimque,
698 567 893 634 novis
922 576 1199 633 onerant
1224 569 1561 634 connubia
1589 568 1812 635 donis,
2288 569 2419 635 165

226 670 497 754 Cingula
527 670 926 757 Ογωοὼοό,
956 691 1175 737 rarum
1205 672 1499 738 Galatea
1518 672 1791 751 monile,

222 774 303 840 Et
328 776 645 857 gravibus
676 775 954 859 Spatale
985 776 1218 841 baccis
1251 776 1558 841 diadema
1585 776 1845 841 ferebat

221 876 586 956 Intextum,
618 878 819 943 rubro
848 898 1018 964 quas
1048 879 1305 962 legerat
1334 879 1490 962 ipsa
1517 877 1881 962 profunde.

222 979 458 1063 Mergit
488 1001 565 1045 se
600 981 846 1059 subito,
878 982 1203 1067 vellitque
1229 982 1483 1062 coralia
1513 981 1721 1046 Doto.

219 1081 458 1147 Vimen
490 1088 656 1160 erat,
689 1084 847 1147 dum
880 1090 1121 1166 stagna
1153 1085 1376 1149 subit:
1422 1090 1847 1168 processerat
1875 1083 2112 1150 undis:
2287 1085 2416 1150 170

222 1183 507 1251 Gemma
528 1185 675 1252 fuit.
766 1187 973 1252 Nuda
1000 1186 1333 1251 Venerem
1366 1187 1638 1252 cinxere
1668 1195 1976 1252 caterva:

221 1288 765 1377 Plaudentesque
792 1291 987 1355 simul
1010 1292 1129 1355 tali
1159 1310 1313 1355 cum
1338 1309 1506 1355 voce
1553 1297 1957 1377 sequuntur‘.

301 1390 457 1456 Hos
492 1392 730 1459 Mariae
763 1395 1011 1471 cultus,
1043 1393 1190 1458 haec
1218 1414 1500 1459 munera
1528 1401 1781 1474 nostra,
1810 1415 2188 1481 precamur,

224 1492 503 1575 Reginae
535 1491 801 1577 Regina
828 1496 1027 1561 feras.
1119 1496 1251 1561 Dic
1277 1497 1445 1560 talia
1469 1516 1810 1582 nunquam
2139 1576 2144 1584 1

224 1594 673 1663 Pmmeruisse
701 1599 971 1679 Thetin,
1007 1620 1132 1665 nec
1165 1621 1315 1666 cum
1349 1621 1539 1666 soror
1567 1598 1972 1685 Amphitrite
2285 1602 2415 1667 175

224 1805 426 1856 viridem.
495 1810 567 1857 Et
604 1811 844 1858 cumulant
882 1811 1102 1860 certatim
1136 1811 1489 1859 matrimonium
1518 1809 1785 1859 muneribus
1819 1807 2095 1858 recentibus.
2162 1807 2418 1872 Cymothoe

223 1870 442 1935 afferebat
462 1888 629 1922 zonam
640 1890 660 1931 ,·
698 1876 902 1924 Galatea
925 1880 1133 1938 torquem
1157 1876 1432 1938 pretiosam,
1453 1879 1500 1924 et
1522 1874 1714 1937 Spatale
1734 1874 1951 1925 diadema
1973 1873 2267 1937 insignitum
2281 1888 2418 1937 gem·

222 1937 306 1984 mis
318 1938 668 2002 palchen-imis,
690 1954 805 2002 quas
823 1939 925 2002 ipsa
948 1942 1196 2003 collegerat
1219 1942 1271 1989 in
1300 1941 1423 1989 mari
1456 1941 1613 1989 rubro.
1679 1941 1808 1989 Doto
1839 1939 2013 2001 mergit
2049 1954 2100 1988 se
2127 1943 2335 2001 repente,
2367 1942 2416 1987 et

222 2001 374 2050 avellit
389 2002 615 2052 coralium
631 2021 651 2062 ;
686 2004 828 2068 quod.
847 2004 1024 2064 frutex
1038 2010 1162 2065 erat,
1182 2022 1287 2054 cum
1302 2007 1455 2055 intrat
1477 2020 1635 2068 aquas,
1654 2019 1771 2054 cum
1795 2004 1946 2053 exivit
1964 2004 2115 2067 aquis,
2146 2002 2417 2065 margarita

212 2064 326 2124 fuit.
392 2068 556 2117 Coetus
577 2070 697 2117 nudi
717 2071 1116 2119 circumdederunt
1145 2070 1384 2132 Venerem,
1417 2074 1465 2118 et
1482 2085 1576 2119 ana
1594 2071 1924 2133 applaudentes
1941 2073 2275 2133 prosequuntur
2296 2083 2414 2117 eam

222 2129 300 2179 hoc
315 2147 527 2181 sermone
543 2150 559 2181 .·
625 2135 866 2196 Rogamus
889 2143 962 2195 te,
985 2150 1015 2184 o
1046 2135 1206 2185 Venas
1230 2137 1434 2198 Regina,
1456 2141 1512 2184 nt
1548 2134 1722 2198 afferas
1743 2135 1918 2183 Mariae
1942 2134 2143 2197 Reginoe
2162 2134 2262 2182 haec
2281 2149 2419 2182 orna·

222 2202 387 2261 menta,
407 2203 456 2246 et
487 2198 589 2247 hoec
629 2201 751 2249 dona
786 2204 963 2250 nostra.
1028 2201 1126 2251 Dic
1171 2201 1272 2266 ipsi
1298 2200 1547 2251 Thetidem
1589 2215 1824 2264 nunquam
1868 2204 2156 2250 consecutam
2194 2212 2290 2248 esse
2332 2199 2417 2248 hos

1138 2326 1495 2347 OOONOONOOO

268 2390 341 2446 ld.
354 2392 438 2441 ed.
454 2394 626 2444 Parm.
643 2401 701 2445 et
713 2393 1044 2447 vicet—164
1059 2397 1157 2445 haec
1166 2396 1362 2445 viridem
1376 2398 1457 2446 vel
1469 2412 1733 2462 ‹equoreum
1743 2398 1865 2446 Vat.
1880 2399 2163 2447 tert—165
2194 2394 2420 2445 honerant

223 2470 390 2506 omnes
414 2458 558 2510 Vatt.
580 2461 692 2511 Pal.
709 2461 862 2512 Farn.
884 2462 1031 2513 Rott.
1053 2467 1222 2512 ornant
1242 2462 1442 2512 Thuan.
1466 2463 1585 2513 Pat.
1601 2464 1793 2513 Moret.
1811 2478 1914 2513 sec.
1929 2463 2059 2512 Exc.
2074 2460 2225 2511 Laeti.
2250 2467 2421 2519 ornant

221 2524 300 2570 vel
322 2530 518 2573 onerant
540 2526 771 2576 Florent.
824 2527 1019 2577 conubia
1059 2528 1190 2578 Exc.
1229 2528 1613 2579 Gevart.—166
1664 2529 1917 2593 Cymothee
1949 2529 2099 2576 Fara.
2160 2527 2420 2590 Cymodoce

221 2587 335 2636 Vat.
354 2602 460 2638 sec.
511 2591 742 2655 Cymedoe
762 2592 887 2642 Var.
905 2594 1010 2643 LL.
1036 2593 1118 2643 ed.
1143 2592 1302 2642 Antv.
1354 2608 1514 2642 caram
1550 2595 1736 2643 PetaV.
1778 2588 2063 2643 terti—167
2103 2592 2272 2640 Patale
2292 2593 2417 2640 Vat.

221 2665 318 2701 sec.
346 2654 545 2706 Mazar.
607 2658 776 2706 Pacate
815 2658 959 2707 Med.
984 2664 1155 2723 quart.
1203 2659 1399 2722 Spalate
1441 2660 1566 2710 Jnn.
1608 2673 1685 2722 pr.
1743 2658 1912 2707 Fatale
1954 2658 2086 2720 Reg.
2127 2656 2297 2706 Oxou.
2342 2671 2418 2719 pr.

222 2716 435 2780 Spectale
457 2721 541 2768 ed.
565 2720 738 2771 Vicet.
781 2723 983 2785 Pigmea
1003 2724 1130 2772 vacis
1153 2723 1316 2772 Oisel.
1370 2723 1574 2787 Pigmea
1614 2721 1741 2772 bacis
1768 2724 1889 2771 Vat.
1929 2737 2010 2785 pr.
2051 2736 2117 2770 m.
2158 2736 2238 2784 pr.
2288 2721 2416 2769 dacis

220 2783 426 2832 diadema
449 2785 580 2835 Exc.
620 2786 1001 2837 Gevart.-—'-168
1057 2789 1314 2837 Intextum.
1354 2803 1472 2837 cum
1509 2787 1672 2852 τελείᾳ
1707 2789 1886 2852 στιγμῇ
1921 2788 2120 2838 Thuan.
2175 2786 2261 2834 illa
2291 2786 2418 2836 Vat-

222 2847 554 2910 qdnt.Rott.
580 2851 760 2902 Ambr.
799 2858 1045 2915 rin—169
1088 2854 1265 2902 Mersit
1304 2853 1502 2903 Mazar.
1552 2854 1740 2904 vellitus
1785 2854 1899 2903 Pal.
1949 2851 2146 2901 corallia
2181 2852 2305 2901 Vat.
2337 2865 2419 2914 pr.

223 2912 367 2963 Faru.
392 2913 544 2966 Rott.
561 2916 692 2979 Reg.
738 2918 866 2966 Doto
891 2920 1076 2968 Petav.
1114 2933 1218 2968 sec.
1261 2918 1407 2966 Med.
1450 2924 1573 2968 tert.
1611 2917 1729 2968 cod.
1755 2919 1934 2982 Epigr.
1960 2915 2141 2966 Ambr.
2167 2918 2293 2965 Em.
2318 2916 2421 2966 Lu-

222 2991 353 3028 cens.
377 2993 483 3030 sec.
504 2982 631 3030 Var.
653 2982 756 3041 LL.
799 2997 829 3032 e
864 2998 1024 3047 marg.
1063 2983 1239 3033 Parm.
1291 2985 1407 3031 Coto
1445 2982 1626 3033 Ambr.
1665 2998 1745 3047 pr.
1779 2984 1939 3032 Dotho
1961 2984 2091 3044 Exc.
2126 2982 2325 3031 Schott.
2362 2987 2422 3029 et

221 3041 337 3093 Pat.
369 3045 499 3095 Dote
524 3047 627 3095 duo
647 3048 794 3097 Vatt.
813 3047 929 3100 Pal.
949 3049 1111 3098 Oisel.
1136 3048 1281 3098 Med.
1300 3062 1377 3111 pr.
1401 3056 1456 3097 et
1480 3064 1584 3099 sec.
1607 3065 1675 3097 m.
1699 3063 1780 3112 pr.
1800 3048 1925 3098 Put.
1948 3047 2050 3097 duo
2066 3047 2251 3096 PetaV.
2271 3046 2418 3096 Leid.

223 3121 293 3170 pr.
333 3109 460 3160 Var.
485 3112 594 3160 LL.
617 3113 699 3163 ed.
723 3112 882 3162 Antv.
919 3114 1082 3163 Dothe
1102 3114 1222 3163 Vat.
1247 3113 1410 3176 quint.
1445 3113 1585 3164 Prie.
1625 3115 1854 3163 Florent.
1893 3112 2037 3162 Med.
2076 3118 2246 3177 quart.
2291 3112 2420 3161 Exc.

223 3172 366 3224 Laeti.
398 3176 554 3224 Lotho
576 3175 695 3226 Ald.
733 3180 871 3227 Cloto
886 3179 1007 3228 Vat.
1032 3185 1202 3243 quart.
1226 3179 1418 3228 Moret.
1444 3193 1521 3242 pr.
1556 3179 1724 3227 Clotho
1747 3179 1877 3244 Reg.
1898 3179 2093 3229 Thuan.
2113 3178 2216 3226 duo
2231 3176 2420 3226 Petav.

227 3239 330 3288 Cloe
348 3241 473 3290 Vat.
495 3256 597 3291 sec.
621 3242 732 3291 cod.
757 3243 928 3294 Ursin.
986 3244 1120 3293 Clote
1158 3244 1302 3292 Rott.
1344 3244 1444 3294 inc.
1480 3243 1661 3293 Heius.
1689 3242 1871 3292 Ambr.
1912 3258 2015 3293 sec.
2051 3243 2249 3293 Mazar.
2288 3242 2417 3292 Exc.

225 3302 430 3355 Gevart.
468 3307 638 3355 Clothe
659 3308 742 3358 ed.
765 3309 1100 3358 Vicet.·Doto
1122 3317 1176 3358 et
1200 3308 1401 3357 emend.
1451 3310 1588 3358 Clote
1623 3311 1748 3358 ιον.
1781 3310 1909 3358 Dote
1940 3308 2021 3356 vel
2059 3309 2175 3357 Cote
2195 3307 2315 3358 Jun.
2338 3320 2419 3370 pr.

223 3368 346 3418 Doto
369 3371 456 3420 vel
484 3373 628 3435 Clyto
655 3374 842 3423 Mor-et.
868 3378 1135 3423 sem—1⁷1
1172 3379 1336 3422 texere
1370 3388 1465 3435 pro
1488 3375 1675 3423 cinxere
1692 3374 1813 3423 Var.
1841 3373 1941 3422 LL.
1966 3373 2047 3422 ed.
2067 3371 2226 3422 Antv.
2280 3373 2419 3419 nuda:

223 3439 413 3484 caterve
436 3444 661 3500 quatuor
675 3439 821 3488 Vatt.
844 3439 959 3489 Pal.
977 3438 1121 3488 Prie.
1159 3439 1322 3488 Oisel.
1343 3436 1525 3488 Ambr.
1565 3453 1668 3488 sec.
1704 3439 1833 3489 Exc.
1867 3438 2021 3505 Laeti.
2071 3439 2196 3487 nuda
2227 3440 2421 3485 caterva

225 3498 391 3549 decem
414 3500 522 3562 alii,
547 3503 677 3551 Exc.
713 3504 933 3552 Lucens.
969 3518 1051 3566 pr.
1089 3503 1171 3553 ed.
1206 3504 1380 3553 Parm.
1404 3510 1459 3553 et
1481 3504 1656 3553 Vicet.
1702 3507 1828 3553 nuda
1859 3516 2027 3552 corona
2058 3502 2258 3551 Bonon.
2298 3501 2421 3549 Pat.

223 3566 549 3615 nudacaterva
566 3569 650 3616 vel
671 3583 840 3617 corona
863 3569 1037 3618 Oxou.
1082 3583 1185 3618 sec.
1211 3567 1392 3618 Ambr.
1431 3583 1511 3632 pr.
1557 3571 1684 3618 nuda
1716 3569 2018 3618 catervavel
2050 3569 2189 3617 nadre
2219 3570 2417 3616 caterve

226 3627 361 3679 Med.
384 3646 491 3681 sec.
514 3633 646 3697 Reg.
667 3634 792 3684 Ιιον.
818 3633 993 3684 Oxou.
1018 3648 1096 3697 pr.
1141 3635 1279 3682 nadoe
1314 3639 1517 3683 catervoe
1554 3635 1636 3682 vel
1673 3636 1799 3682 nuda
1833 3644 2008 3683 corona
2024 3633 2145 3682 Vat.
2181 3647 2260 3696 pr.
2295 3630 2419 3680 Put.

224 3691 398 3746 Petav.
420 3702 709 3747 tert-173
736 3699 939 3762 proemia
961 3699 1082 3748 Put.
1111 3704 1366 3762 precantur
1402 3700 1486 3748 vel
1517 3713 1763 3762 precamur
1782 3697 1927 3749 Med.
1949 3701 2187 3762 pre-175
2235 3696 2420 3745 Thetim

227 3764 322 3809 tres
341 3761 490 3811 Vatt.
546 3763 718 3812 Thetin
741 3765 970 3814 Floreat.
994 3765 1095 3814 inc.
1119 3764 1305 3814 Heius·
1351 3764 1648 3829 Amphitrite
1667 3766 1869 3815 Bouon.
1909 3763 2228 3828 Amphitrites
2265 3763 2420 3812 Fam.

1216 3886 1430 3937 NOTAE

286 3988 372 4033 165
412 3985 629 4035 emant
648 3964 916 4050 tomba]
940 4024 947 4031 .
973 3987 1279 4053 Cymothoe,
1358 3995 1416 4039 et
1437 3988 1557 4038 ideo
1580 3986 1977 4052 pulchrioribus.
2007 3986 2143 4037 Vide
2161 3996 2240 4036 ιν.
2266 3985 2417 4037 com.

230 4058 459 4125 Galatea,
502 4062 739 4125 Spatale,
807 4065 966 4128 Doto,
1017 4066 1274 4130 Nymphae
1325 4066 1498 4116 Ἠοη.
1524 4080 1604 4115 vs.
1627 4070 1741 4117 601.

229 4138 447 4211 marinae,
502 4146 725 4189 onerant
761 4142 1017 4207 Venerem
1066 4145 1275 4206 gemmis
1423 4147 1519 4192 170
1593 4143 1758 4192 Vimen
1796 4140 1924 4205 erat]
1993 4141 2243 4191 Ovidius:
2292 4143 2308 4170 ‘
2330 4140 2418 4190 Sic

232 4214 343 4276 suis,
378 4214 561 4287 quibus
595 4216 772 4265 Venus
813 4225 965 4285 ornet
1000 4219 1277 4282 connubia,
1359 4234 1565 4284 quoque
1585 4220 1856 4281 coralium,
1887 4233 1989 4283 quo
2008 4219 2228 4283 primum
2252 4219 2420 4281 surgit

233 4298 501 4357 oneretque
522 4306 682 4341 novos
702 4293 969 4357 conjuges.
1357 4296 1413 4355 in,
1468 4309 1618 4345 auras
1671 4297 1925 4359 Tempore
1964 4295 2215 4363 durescit,
2248 4296 2413 4348 mollis

291 4372 379 4419 167
430 4367 696 4434 Grauibus]
749 4370 979 4421 Geminis
1017 4371 1282 4437 gravibus,
1360 4372 1465 4424 fuit
1484 4366 1646 4424 herba
1667 4372 1764 4423 sub
1787 4371 1972 4424 undis?
