2925 4928
984 372 1065 422 m
1115 373 1233 433 cr..
1281 374 1826 429 cmumnmn.
2407 366 2496 435 39

296 522 397 585 est
423 518 604 584 enim
651 518 1004 597 multorum
1042 518 1405 603 poetarum
1442 523 1896 607 ¹pet-politione
1946 524 2097 599 trita
2142 530 2340 609 atque
2383 526 2496 592 de-

296 626 578 700 cantata,
622 623 921 705 variique
965 622 1177 706 mythi·
1214 642 1364 687 cum
1413 623 1535 687 illa
1581 625 1926 710 conjuncti
1956 632 2134 707 sunt,
2192 629 2308 711 qui
2367 649 2499 694 non

294 724 506 789 solum
553 725 639 790 ad
668 728 1037 808 argumenti
1062 726 1442 791 dilationem
1490 732 1689 813 atque
1729 729 2330 814 amplificationem,
2381 733 2500 798 sed

293 827 491 891 etiam
547 826 636 892 ad
685 832 994 892 ornatum
1023 833 1106 893 'et
1153 829 1546 895 varietatem
1595 832 1913 914 pertinere
1958 836 2241 918 possint.
2360 835 2498 901 His

295 928 708 995 Claudianus
735 931 1005 1015 quidem
1032 950 1195 995 usus
1224 936 1348 1010 est,
1380 932 1602 1011 minus
1628 937 1855 998 tamen
1894 933 1980 999 ad
2020 937 2350 1001 actionem
2379 958 2498 1003 va-

289 1033 589 1097 riandam
644 1040 714 1098 et
760 1033 1350 1120 multiplicandam,
1393 1055 1599 1118 quam
1640 1036 1730 1100 ad
1766 1057 1981 1102 rerum
2020 1039 2497 1124 descriptiones

287 1135 755 1225 facultatisque
778 1136 1086 1207 oratoriae
1116 1139 1642 1206 ostentationem.
1734 1139 1941 1220 Quod
1961 1143 2139 1206 enim
2169 1163 2257 1207 ex
2286 1144 2497 1208 omni-

290 1239 412 1304 bus
443 1240 880 1319 carminibus,
910 1240 1147 1325 paucis
1174 1245 1432 1305 tantum
1460 1245 1791 1328 exceptiS,
1840 1249 2131 1324 constat,
2177 1244 2378 1311 etiam
2406 1266 2498 1311 ex

287 1342 410 1407 hoc
434 1342 690 1422 elucet,
722 1343 1162 1410 Claudianum
1188 1345 1576 1429 neutiquam
1607 1347 1873 1431 ingenio
1916 1348 2324 1428 destitutum,
2377 1348 2497 1413 sed

290 1449 497 1510 totum
530 1446 702 1516 illud
732 1454 1148 1513 consumtum
1187 1468 1336 1514 esse
1364 1450 1437 1514 in
1468 1450 1866 1530 elocutione,
1905 1451 2001 1516 ita
2028 1458 2103 1517 ut
2129 1451 2497 1518 inventioni

288 1567 535 1614 vacare
565 1570 700 1616 non
727 1557 972 1636 posset.

289 1692 310 1708 ·
370 1652 764 1737 Sequuntur
792 1656 1116 1739 epistolae,
1159 1675 1438 1740 quarum
1467 1656 1854 1740 dignitatem
1880 1657 2150 1742 reliquis
2195 1657 2501 1724 carmini·-

286 1757 411 1822 bus
442 1757 824 1823 inferiorem
869 1764 1061 1843 putat
1104 1759 1444 1825 Gesnerus
1474 1759 1670 1840 adeo,
1713 1766 1790 1825 ut
1826 1762 2183 1840 existimet,
2233 1762 2366 1826 sibi
2393 1782 2501 1827 ro-

288 1861 586 1943 gandum
616 1882 767 1931 esse
796 1864 1131 1943 lectorem,
1174 1883 1260 1929 ne
1282 1885 1370 1930 ex
1399 1863 1532 1929 illis
1560 1865 1838 1930 virtutes
1867 1863 2216 1930 Claudiani
2248 1865 2501 1948 ponde-

287 1970 406 2043 ret,
455 1984 585 2031 seu
636 1986 719 2030 ne
764 1968 1137 2047 arbitretur,
1182 1967 1502 2052 quoniam
1546 1968 1889 2053 superiora
1928 1968 2197 2051 egregia
2236 1967 2502 2046 fuerint,

289 2068 492 2132 etiam
521 2069 653 2134 has
678 2070 814 2134 sibi
842 2090 990 2134 esse
1017 2071 1415 2143 imitandas⁴
1490 2071 1852 2138 Moverunt
1877 2072 2065 2136 illum
2094 2072 2310 2136 virum
2338 2069 2498 2136 doc-

288 2171 632 2235 tissimum
667 2192 771 2250 ea,
827 2193 984 2257 quae
1016 2175 1175 2239 olim
1218 2175 1527 2239 solebant
1568 2195 1720 2239 cum
1740 2173 1823 2237 de
1854 2175 2161 2239 universo
2186 2172 2502 2258 epistola-

287 2268 426 2338 rum
459 2286 726 2356 genere,
754 2281 893 2341 tum
939 2276 1023 2340 de
1050 2276 1356 2362 epistolis
1383 2275 1674 2361 poeticis
1703 2276 2051 2360 disputari,
2080 2277 2384 2342 omnibus
2412 2274 2501 2340 ad

289 2375 641 2443 Ciceronis
667 2385 736 2445 et
757 2379 1029 2449 Horatii
1055 2381 1379 2466 epistolas
1406 2379 1658 2445 relatis.
1749 2377 1885 2443 Sed
1900 2399 2029 2443 nec
2059 2377 2301 2443 Cicero
2321 2378 2502 2444 tenui

288 2488 354 2574 et
379 2485 688 2569 incomto
719 2484 1057 2549 scribendi
1084 2505 1321 2568 genere
1351 2504 1614 2567 semper
1640 2503 1802 2549 usus
1832 2488 1955 2562 est,
1986 2502 2210 2549 verum
2250 2481 2336 2547 ad
2365 2502 2499 2561 res,

287 2603 640 2670 personaS,
665 2594 734 2651 et
763 2593 1068 2671 tempora
1090 2586 1626 2670 accommodat03
1644 2607 1860 2670 neque
1881 2584 2187 2662 OvidiuS,
2202 2585 2318 2668 qui
2335 2584 2504 2649 illud

289 2709 500 2772 genus
549 2691 894 2775 praecipue
943 2691 1315 2769 exornavit,
1357 2708 1691 2774 nusquam
1737 2688 2034 2770 exsurgit
2077 2706 2505 2771 sermoneque

286 2792 501 2858 utitur.
525 2793 987 2876 exquisitiore.
1078 2792 1256 2873 Quae
1276 2808 1442 2859 ’011111
1488 2794 1587 2858 ita
1632 2793 1788 2871 sint,
1842 2790 2144 2857 Gesnero
2193 2790 2504 2855 assentiri

291 2913 423 2974 non
453 2916 770 2980 possum3
801 2916 1182 2982 quanquam
1208 2916 1341 2961 non
1368 2896 1432 2960 is
1461 2915 1632 2974 sum,
1653 2896 1767 2979 qui
1793 2898 2043 2979 putem,
2065 2893 2138 2956 in
2165 2892 2300 2956 illis
2324 2894 2502 2977 epis-

286 2998 449 3063 tolis
476 2999 774 3084 poeticis
801 3001 1139 3066 luculenta
1160 3000 1497 3068 facultatis
1522 2998 1810 3084 po'eticae
1840 2996 2209 3082 specimina
2227 2994 2506 3061 Claudi-

290 3121 495 3168 anum
526 3103 843 3169 edidisse.
930 3102 1007 3166 Si
1036 3123 1080 3167 a
1108 3102 1436 3176 scribendi
1485 3121 1718 3185 genere
1746 3099 2042 3179 recedas,
2096 3091 2280 3182 quod
2307 3100 2505 3163 nimis

295 3206 661 3289 quaesitum
690 3206 1015 3272 interdum
1044 3205 1214 3271 adeo
1242 3209 1470 3284 tumet,
1499 3203 1620 3269 illa
1647 3203 1941 3268 carmina
1960 3203 2225 3266 minime
2254 3203 2324 3265 in
2350 3222 2507 3287 pos-

292 3310 520 3376 tremis
550 3308 697 3392 ejus
721 3314 875 3374 sunt
899 3293 1243 3391 habenda3
1283 3312 1350 3373 et
1375 3308 1546 3373 illud
1570 3306 1655 3372 ad
1687 3305 2059 3391 olybrium,
2102 3306 2170 3370 in
2198 3306 2377 3389 quod
2407 3306 2507 3370 in-

292 3412 534 3494 primis
565 3413 861 3477 censoris
901 3413 1312 3477 severitatem
1365 3410 1710 3493 destringit
1749 3408 2113 3487 GesneruS,
2169 3407 2327 3472 mihi
2357 3408 2506 3491 qui-

294 3512 440 3578 dem
471 3534 608 3578 non
636 3513 993 3579 admodum
1023 3513 1359 3598 displicet,
1410 3533 1566 3578 cum
1608 3517 1928 3597 reputem,
1980 3509 2331 3594 epistolam
2360 3529 2506 3575 esse

299 3616 384 3680 ad
427 3616 708 3701 poetam
757 3622 828 3682 et
880 3622 1204 3682 oratorem
1247 3615 1599 3701 copiosum
1642 3619 1708 3679 et
1758 3612 2265 3696 grandiloquum
2314 3609 2412 3698 (v.
2436 3612 2505 3680 3.

294 3716 498 3804 sqq.),
547 3719 743 3804 cujus
781 3720 1039 3805 judicio
1067 3725 1134 3786 et
1162 3720 1488 3786 voluntati
1528 3720 1639 3784 vel
1659 3719 1729 3782 111
1754 3718 1963 3783 literis
2008 3716 2508 3783 conscribendis

294 3829 472 3888 esset
499 3823 933 3889 serviendum.
1026 3824 1133 3889 De
1157 3823 1374 3909 prima
1402 3824 1713 3909 epistola,
1747 3842 1867 3887 seu
1889 3821 2183 3887 carmine
2211 3834 2505 3891 XXXIX·

287 3923 431 4008 Jam
491 3917 696 4010 supra
739 3926 998 3992 locutus
1056 3946 1241 3991 sum:
1318 3947 1471 4012 quae
1518 3932 1789 4005 restant,
1848 3926 1936 3991 ad
1982 3924 2244 3992 dicendi
2303 3941 2510 4006 genus

301 4024 660 4093 Claudiani
686 4031 1062 4098 universum
1094 4030 1448 4114 pertinent,
1479 4028 1561 4093 de
1589 4049 1723 4115 quo
1751 4027 1923 4099 infra
1951 4047 2165 4097 sermo
2196 4027 2337 4091 erit.

308 4189 317 4198 .
387 4130 763 4202 Veniamus
800 4132 946 4217 jam
976 4133 1064 4197 ad
1092 4133 1210 4197 illa
1234 4132 1548 4211 carmina,
1567 4151 1724 4218 quae
1761 4129 2073 4219 Eidyllia,
2104 4129 2368 4195 nomine
2398 4140 2510 4194 sa·-

303 4233 388 4302 tis
415 4234 781 4324 indefinito,
834 4241 1176 4321 vocantur,
1230 4235 1634 4316 narrationes
1661 4241 1729 4303 et
1753 4233 2226 4323 descriptiones
2255 4231 2508 4304 similes
