2925 4928
914 411 996 459 [N
1047 409 1159 457 or..
1206 370 1751 459 anumANUM.
2334 396 2424 462 25

257 554 918 641 juxta-requiescunt.
1006 555 1378 641 Cupidines
1421 556 1770 638 suspensis
1802 576 1925 641 per
1949 574 2194 622 ··ramos
2233 576 2425 623 arou-

262 656 370 720 bus
395 658 849 742 pharetrisque
876 660 981 722 vel
1003 658 1373 736 colludunt,
1395 659 1501 721 vel
1524 661 1754 739 avium
1778 661 1973 724 nidos
1993 661 2426 744 investigant,-

259 761 349 824 vel
376 763 552 826 mala
584 763 822 845 legunt
868 763 1174 841 dominae,
1220 763 1329 826 vel
1376 762 1653 825 volitant
1682 783 1798 844 per
1839 783 2132 826 summas
2177 764 2418 840 ulmoS,

256 848 349 949 vel
371 863 435 926 in
464 867 765 930 statione
796 873 955 930 sunt
998 866 1082 931 ad
1123 865 1447 929 arcendos
1483 865 1756 928 Faunos
1784 864 2205 947 reliquosque
2232 865 2421 929 Deos

257 967 614 1048 sylvestreS,
649 990 730 1034 ne
777 971 978 1033 nimis
1000 1022 1007 1027 .
1026 971 1273 1034 curiosi
1324 969 1610 1033 Veneris
1650 987 1954 1032 somnum
2001 969 2416 1033 conturbent.

185 1115 191 1120 .
253 1067 372 1131 Sed
398 1090 536 1134 non
569 1093 760 1156 aeque
791 1075 958 1137 bene
989 1073 1247 1150 VenuS,
1283 1074 1396 1136 ubi
1428 1072 1612 1136 chori
1643 1091 1731 1135 ex
1760 1072 1927 1135 urbe
1959 1072 2187 1135 vicina
2212 1071 2421 1135 auditi

252 1191 530 1235 somnum
561 1174 660 1237 illi
712 1183 1172 1251 excusserunt,
1215 1175 1503 1238 Amores
1534 1174 1826 1249 dimittit
1850 1172 1937 1236 ad
1983 1174 2419 1257 quaerendum
2487 1176 2492 1181 '

248 1271 698 1360 Hymenaeum,
729 1284 797 1342 et
840 1297 994 1341 cum
1022 1279 1172 1361 ipsa
1200 1279 1270 1340 in
1288 1277 1484 1341 illum
1507 1276 1880 1352 incidisset,
1907 1295 1996 1339 ex
2026 1296 2110 1339 eo
2152 1276 2429 1359 quaerit,-

246 1378 572 1460 cujusnam
644 1379 898 1463 nuptiae
967 1381 1419 1451 celebrentur.
1541 1379 1872 1444 Ceterum·
1895 1383 2124 1444 motus
2183 1378 2426 1456 animi,

245 1499 396 1562 quos
426 1480 639 1545 sentit
669 1481 1382 1571 Hymenaeus‘Venere
1414 1484 1589 1561 visa,
1623 1483 1881 1565 egregie
1915 1490 2077 1546 sunt
2107 1482 2426 1564 expressi·

142 1634 152 1647 .
239 1579 324 1666 (v.
350 1583 456 1648 40.
490 1579 744 1666 seqq.).
823 1584 1075 1672 ,Minus
1105 1586 1340 1669 placet
1375 1585 1804 1667 declamatio,
1840 1606 1975 1669 qua
2012 1585 2133 1648 ille
2159 1585 2415 1665 generis

236 1686 634 1768 nobilitatem
682 1694 755 1751 et
804 1686 1101 1753 Palladii
1140 1698 1206 1756 et
1257 1689 1589 1764 Celerinae
1635 1689 1931 1753 celebrat
1962 1687 2066 1773 (v.
2098 1684 2413 1771 56-99).

233 1785 395 1870 Apte
418 1789 489 1852 in
519 1791 733 1871 priori
759 1790 879 1876 (X.
907 1791 1053 1856 135.
1096 1790 1323 1876 seqq.)
1364 1792 1596 1856 Triton
1628 1790 2041 1875 Cymothoen
2083 1790 2426 1853 reluctari-‘³

234 1895 351 1953 tem
369 1891 680 1956 ambiens
701 1892 1226 1976 deprehenditur,
1250 1896 1389 1978 qui,
1408 1894 1528 1957 ubi
1557 1892 1838 1971 audivit,
1874 1893 1933 1957 si
1950 1896 2422 1977 properasset‚2

231 1989 480 2075 facilem
529 1995 667 2057 sibi
693 1995 934 2060 dehinc
981 1996 1172 2062 illam
1202 1997 1425 2075 Deam
1453 1996 1626 2074 fore,
1658 1997 1745 2061 ad
1777 1996 1972 2075 littus
2016 1997 2310 2073 festinat,
2340 1997 2426 2059 in·

229 2092 394 2160 illum
426 2099 739 2183 corporis
769 2100 1069 2164 habitum
1092 2102 1543 2185 compositus,
1565 2121 1704 2184 quo
1731 2100 2065 2165 Venerem
2095 2119 2215 2184 per
2231 2114 2414 2162 mare

229 2197 463 2264 vehens
508 2221 556 2264 a
587 2203 902 2284 plasticis
935 2211 1008 2267 et
1028 2205 1411 2289 pictoribus·
1446 2205 1607 2287 fingi
1631 2204 1830 2289 solet.
1877 2244 1882 2250 ·
1923 2203 2007 2268 In
2029 2204 2263 2273 itinere
2295 2201 2420 2265 de-

227 2302 569 2381 scribendo
604 2305 813 2388 poeta
840 2307 1106 2390 ingenio
1125 2309 1494 2391 luxurianti
1511 2309 1715 2374 nimis
1736 2307 2047 2384 indulsit,
2078 2327 2208 2371 nec
2237 2326 2412 2370 mar-

226 2405 459 2486 garitae,
492 2427 539 2471 a
570 2406 914 2498 Nymphis
950 2413 1225 2478 marinis
1257 2433 1295 2478 e
1324 2412 1525 2478 maris
1554 2412 1765 2478 fundo
1816 2413 1888 2477 in
1917 2412 2092 2477 dona
2140 2410 2413 2493 nuptia-

223 2508 306 2571 lia
331 2512 596 2592 petitae,
632 2514 810 2576 satis
868 2517 1261 2598 probantur.
1339 2517 1424 2581 In
1455 2518 1666 2582 altero
1695 2516 1971 2603 (xxxl.
2011 2516 2162 2580 103.
2187 2507 2424 2597 seqq.).

223 2631 398 2677 curru
427 2616 707 2680 vehitur
736 2617 971 2682 Venus
1015 2618 1291 2684 floribus
1335 2626 1570 2701 ornato
1602 2626 1668 2684 et
1698 2639 1741 2682 a
1782 2619 2109 2683 columbis
2139 2619 2361 2679 tracto
2390 2633 2410 2693 3

221 2713 487 2791 Amores
520 2707 768 2785 avibus
815 2721 1189 2802 insidentes
1217 2741 1339 2805 per
1376 2742 1573 2786 auras
1622 2722 1755 2787 iter
1781 2721 2058 2785 faciunt.
2148 2717 2232 2781 In
2261 2733 2420 2782 στα-ν

220 2819 381 2898 tione
426 2822 729 2888 Veneris
755 2823 870 2911 (x.
905 2824 1250 2890 190-—227
1259 2821 1332 2909 .),
1365 2845 1506 2909 qua
1535 2826 1890 2890 comitibus
1909 2827 2136 2907 partes
2156 2819 2416 2903 cuique

219 2924 495 3004 agendas
548 2927 914 3007 distribuit,
941 2949 1161 2993 rerum
1212 2930 1577 3012 opulentia,
1620 2930 1822 2993 nimis
1862 2926 2163 2992 studiose
2187 2923 2408 2989 oculis

214 3029 551 3110 exposita,
585 3030 907 3098 ostendit.
997 3032 1305 3097 Tandem
1351 3033 1438 3096 ad
1487 3033 1731 3096 Mariae
1781 3032 1962 3096 aedes
2006 3026 2409 3111 pervenitur,

216 3146 347 3209 quae
378 3132 621 3214 puella
651 3139 789 3198 tum
817 3136 1111 3221 maxime
1154 3146 1250 3199 ex·
1271 3140 1572 3221 veterum
1604 3134 1996 3199 Graecorum
2026 3136 2096 3194 et
2134 3128 2414 3194 Latino·

212 3249 340 3295 rum
371 3233 637 3317 poetiS‚
684 3243 753 3301 et
793 3237 979 3320 quod
1013 3237 1299 3313 mireriS,
1321 3256 1411 3301 ex
1448 3235 1772 3320 Sapphus
1823 3229 2251 3308 carminibus,
2282 3250 2408 3313 pua

213 3333 441 3416 (licitiae
509 3339 839 3422 exempla
899 3339 1230 3404 discebat.
1262 3415 1265 3418 Α
1339 3337 1783 3402 Pulchritudo
1836 3337 2067 3400 matris
2123 3339 2189 3398 et
2243 3332 2405 3396 filiae

210 3434 474 3504 Veneris
526 3446 805 3524 stupore
837 3442 1239 3524 exprimitur
1284 3440 1573 3525 adjectis
1624 3437 2172 3503 similitudinibus
2219 3432 2414 3497 haud:

208 3537 428 3623 ineptis
453 3562 472 3623 3
523 3543 652 3606 sed
676 3563 967 3627 sequens
999 3546 1233 3621 oratio,
1267 3564 1418 3627 quae
1445 3543 1692 3616 Veneri
1717 3541 2032 3605 tribuitur
2054 3542 2153 3615 (ν.
2184 3535 2406 3604 252-

208 3640 371 3727 281.)
443 3664 849 3729 quanquam
890 3665 1025 3710 non
1073 3647 1343 3709 omnino
1391 3644 1732 3726 displicet,
1797 3640 2129 3705 oratorios
2181 3636 2402 3718 magis

209 3742 495 3829 lecytbos
528 3749 732 3832 sapit,
766 3767 972 3831 quam
1021 3747 1515 3830 simplicitatem
1567 3752 1634 3809 et
1677 3747 2108 3808 venustatem
2132 3739 2401 3804 Venere

210 3845 484 3929 dignam.
543 3917 552 3925 ,
582 3850 809 3930 Etiam
838 3923 841 3928 ⁵
866 3852 936 3912 in
992 3849 1205 3913 altero
1264 3842 1973 3934 (xxxa-llss-—ISSQ
2016 3843 2249 3908 Venus
2308 3841 2397 3905 ad

210 3949 391 4036 aedes¹
412 3951 752 4016 Celerinae
776 3951 998 4038 *tendit
1017 3971 1270 4034 easque
1293 3951 1574 4015 fioribus
1606 3955 1801 4014 ornat
1821 3956 1890 4012 et
1918 3946 2208 4012 balsami
2231 3944 2400 4008 odo-

209 4052 372 4122 ribus
401 4057 669 4141 implet,
701 4061 868 4133 tum,
909 4056 1141 4139 puella
1170 4055 1257 4120 ad
1302 4056 1615 4140 juvenem
1643 4073 1681 4116 e
1731 4052 1964 4117 matris
1996 4048 2244 4132 gremio
2276 4046 2393 4112 de·

208 4154 405 4238 ducta,
445 4159 855 4246 junctisque
885 4159 1153 4225 illorum
1195 4157 1531 4238 manibus,
1548 4157 1767 4236 illum,
1797 4162 1876 4221 ut
1916 4152 2235 4239 precibus
2264 4166 2406 4235 pos.
