2925 4928
2321 376 2459 447 ⁴253

927 393 1024 443 DE
1070 390 1172 441 1V.
1218 390 1432 450 00⁸8.
1480 390 1767 443 BONOR-

350 540 554 607 Disce
582 540 753 616 orbi,
784 537 969 622 quod
997 537 1283 620 quisque
1311 536 1466 600 sibi.
1535 534 1727 613 ,Cum
1755 534 2082 601 conderet
2109 540 2294 603 artus

259 642 323 708 N
326 651 581 720 ostroS,
614 642 908 707 aetheriis
940 642 1229 705 miscens
1251 645 1533 718 terrena,
1566 639 2038 719 PrometheuS,

255 745 595 809 Sinceram
623 744 845 829 patrio
871 747 1159 806 mentem
1182 741 1442 806 furatus
1477 740 1769 826 Olympo

255 845 603 911 Continuit
631 846 965 922 claustriS,
997 843 1576 927 indignantemque
1603 844 1916 911 revinxit.

250 948 519 1014 Etcum
549 969 688 1015 non
718 950 919 1021 aliter
942 954 1228 1031 possent
1255 948 1561 1012 mortalia
1589 947 1772 1030 fingi,

251 1050 587 1136 Adjunxit
616 1053 931 1136 geminas.
1023 1050 1168 1114 111ae
1201 1069 1358 1113 cum
1388 1068 1666 1134 corpore
1698 1052 1909 1136 lapsae

2281 801 2286 807 -
2326 741 2457 849 ωε)

250 1220 415 1269 Edita-e
441 1234 535 1283 pro
558 1219 684 1281 orbe,
704 1219 825 1283 quod
841 1218 1055 1282 privatus
1072 1216 1259 1267 ediscit
1278 1232 1370 1281 pro
1392 1233 1455 1267 se.
1516 1219 1636 1267 Cum
1670 1219 1979 1269 Prometheus
2000 1222 2239 1285 fingeret
2259 1236 2452 1286 corpora

247 1291 419 1345 nostro,
442 1285 745 1333 commiscens
768 1299 846 1332 res
869 1288 1114 1332 terrestres
1142 1283 1419 1343 coelestibus,
1453 1283 1643 1346 rapiens
1674 1298 1739 1333 ex
1760 1287 1888 1334 Coelo
1901 1286 2059 1335 mati
2079 1288 2285 1336 anim
2305 1289 2448 1351 spiri-

247 1351 402 1410 talem,
425 1364 545 1398 eam
581 1349 790 1398 co‘e'rooeit
813 1350 908 1397 hoc
942 1363 1144 1411 carcere,
1165 1352 1212 1397 et
1232 1320 1452 1411 alligavit
1491 1355 1861 1413 repugnantem.-
1891 1366 2081 1414 cumque
2111 1352 2328 1402 mortalia
2358 1368 2451 1403 non

245 1419 429 1477 possem
472 1414 618 1464 aliter
646 1413 875 1473 formari,
905 1415 1044 1463 addit
1086 1416 1205 1463 duas
1241 1414 1455 1478 animas,
1481 1414 1809 1479 sentientem,
1846 1422 1902 1465 et
1938 1424 2285 1479 vegetantem.
2349 1418 2454 1467 111oe

1190 1558 1279 1576 ‘O'
1282 1557 1517 1577 WOOO

247 1659 362 1709 Pat.
383 1658 583 1709 Moret.
609 1673 711 1708 sec.
731 1659 879 1708 Med.
894 1665 1063 1724 quart.
1065 1662 1228 1709 —228
1260 1659 1388 1708 orbis
1406 1673 1583 1709 omnes
1605 1661 1730 1711 Vat.
1755 1661 1872 1710 Pal.
1890 1660 2044 1709 Farn.
2072 1662 2201 1711 Exc.
2226 1661 2445 1711 Gevart.

245 1723 342 1772 oroi
364 1724 513 1774 Med.
539 1732 664 1773 tert.
685 1724 897 1773 Tholos.
926 1725 1073 1773 Leid.
1098 1740 1178 1788 pr.
1213 1723 1395 1774 Ambr.
1435 1733 1561 1774 tert.
1585 1726 1817 1775 Florent.
1841 1726 1929 1790 qui
1954 1726 2190 1775 Glossam
2214 1726 2450 1790 adjungit

243 1787 281 1837 ι’.
295 1803 333 1838 e.
354 1790 414 1838 de
433 1788 562 1838 orbe.
594 1789 720 1837 orbis
745 1789 1106 1838 velorbiPric.
1127 1792 1248 1853 quod
1283 1804 1478 1853 quosque
1518 1791 1747 1840 Florent.
1781 1792 2447 1855 Mazar.quodcumque·1nc.

246 1852 424 1905 Heius.
481 1856 605 1918 quod
627 1855 818 1917 quisque
840 1855 922 1903 vel
962 1857 1272 1918 quodcumque
1308 1856 1435 1904 Lov.
1472 1871 1504 1903 a
1540 1871 1610 1905 m.
1633 1871 1677 1905 s.
1725 1856 1818 1905 sibi
1852 1862 1924 1905 est
1962 1855 2107 1904 Med.
2141 1863 2267 1906 tert.
2322 1855 2451 1905 orbis

573 1918 755 1968 Ambr.
780 1933 885 1968 sec.
906 1920 997 1968 sed
1036 1920 1091 1968 in
1121 1920 1354 1982 margine
1389 1921 1492 1969 alia
1522 1936 1677 1969 manu
1716 1920 1830 1969 orbi
1847 1923 1968 1984 quod
1994 1921 2205 1983 quisque.
2244 1922 2298 1969 in
2349 1923 2450 1969 Ex·

246 1985 439 2047 cerptis
462 1984 664 2033 Schotti
686 1999 719 2032 a
740 1983 1003 2033 Gronovio
1025 1999 1171 2049 seqq.
1195 1984 1425 2047 ascripta
1448 1993 1619 2045 erant,
1651 1985 1898 2035 Discordia
1923 1987 2220 2049 Dempster.
2259 2000 2308 2049 p.
2331 1988 2447 2034 400.

242 2047 488 2103 Philostr.
528 2049 595 2099 de
633 2049 724 2098 vit.
774 2049 1013 2111 Apollon.
1055 2050 1116 2098 L.
1149 2062 1274 2098 vm.
1309 2064 1353 2099 c.
1397 2054 1447 2099 3.
1492 2066 1546 2114 p.
1581 2054 1695 2100 392.
1744 2051 1924 2100 Barth.
1965 2050 2184 2100 Advers.
2225 2063 2317 2099 xv.
2366 2054 2448 2100 14.

242 2113 462 2177 Dionys,
486 2114 651 2177 Long.
684 2129 738 2177 p.
764 2119 874 2162 llo.
886 2114 1145 2164 Isocrates
1165 2115 1230 2164 ad
1256 2114 1457 2164 Nicocl.
1495 2131 1546 2179 p.
1586 2119 1667 2165 34.
1690 2115 1877 2179 Veget.
1902 2116 2095 2179 prolog.
2098 2119 2260 2164 -230
2287 2116 2448 2178 patrio

240 2177 462 2242 Raphel.
486 2178 676 2242 Isingr.
702 2178 845 2229 Prie.
872 2194 989 2228 am.
1014 2195 1093 2243 pr.
1116 2186 1171 2229 et
1188 2193 1294 2228 sec.
1314 2180 1505 2229 Μαι-ει.
1529 2194 1635 2229 sec.
1669 2187 1725 2231 et
1756 2179 1914 2230 Wolf.
1940 2181 2181 2244 Cyprian.
2215 2180 2281 2229 de
2304 2180 2448 2228 Mor·

244 2243 333 2292 tal.
369 2258 418 2292 c.
462 2248 545 2292 13.
581 2245 739 2292 ‘nam
761 2244 899 2306 quod
919 2245 1195 2294 moriturus
1217 2244 1437 2309 audivit,
1458 2246 1525 2295 ad
1547 2246 1645 2295 hoc
1669 2246 1889 2306 audivit,
1912 2252 1970 2295 ut
1994 2246 2211 2294 diceret.
2248 2244 2446 2293 audivit

242 2322 340 2356 non
361 2308 464 2357 sibi
485 2308 575 2358 ille
596 2308 688 2357 sed
711 2309 894 2359 nobis!
916 2312 1026 2359 dum
1047 2310 1172 2360 Jun.
1193 2324 1272 2373 pr.
1287 2310 1410 2359 Vat.
1436 2315 1562 2360 tert.
1598 2313 1806 2360 crederet
1828 2310 1899 2359 id.
1922 2312 2044 2361 Vat.
2065 2316 2188 2360 tert.
2212 2315 2267 2358 et
2284 2308 2446 2359 wolf.

236 2373 368 2434 patri
385 2374 782 2437 quatuordecim
804 2374 910 2438 alii,
929 2375 1054 2424 item
1077 2375 1202 2425 Var.
1229 2374 1432 2425 med.
1458 2373 1617 2424 Antv.
1619 2380 1779 2425 -231
1813 2376 1988 2438 recepit
2010 2374 2155 2425 Med.
2173 2389 2255 2440 pr.
2280 2389 2347 2422 m.
2367 2389 2447 2437 pr.

240 2441 401 2489 -232
422 2438 601 2501 frange
622 2440 742 2491 Vat.
764 2446 882 2490 tert.
904 2440 1050 2491 Rott.
1071 2439 1218 2491 Med.
1245 2454 1350 2490 sec.
1373 2455 1440 2490 m.
1461 2455 1542 2504 pr.
1561 2440 1697 2506 fingi
1719 2441 1799 2489 vel
1810 2440 1984 2503 frangi
2005 2440 2145 2490 Prie.
2149 2442 2320 2495 -233
2344 2441 2447 2489 Aa·

228 2501 393 2566 jungit
414 2505 518 2555 ine.
545 2504 731 2555 Heius.
780 2520 989 2567 gemmas
1013 2506 1095 2562 vel
1112 2520 1330 2568 gemam
1347 2506 1551 2556 Thuan.
1582 2522 1686 2555 cum
1715 2522 1740 2555 e
1760 2521 1948 2570 corpore
1968 2507 2091 2555 Vat.
2114 2519 2195 2571 pr.
2222 2505 2377 2554 Farn.
2381 2529 2446 2540 -——

1230 2633 1444 2695 NOTAE

301 2760 397 2806 228
448 2757 602 2806 Disce
643 2756 764 2823 orbi,
800 2759 906 2823 estu]
975 2757 1024 2808 Ο
1079 2759 1302 2822 Honori,

243 2833 382 2883 disce
428 2848 526 2898 pro
563 2833 691 2883 orbe
730 2835 982 2898 regendo,
1023 2835 1159 2899 quod
1197 2836 1303 2899 pri-

241 2917 386 2959 vatus
410 2910 628 2975 quisque
650 2910 822 2972 discit,
858 2911 925 2960 ad
957 2912 1182 2978 seipsum
1222 2928 1302 2964 re·

1381 2759 1617 2820 lenibus,
1635 2759 1732 2809 hoc
1750 2765 1829 2808 est
1845 2772 2031 2822 corpus
2047 2727 2214 2806 anima
2228 2755 2444 2806 coelesti.
2488 2824 2491 2827 ⁴

1447 2842 1545 2887 230
1576 2837 1819 2885 Sincercm
1840 2831 2064 2895 mentem]
2087 2832 2322 2881 Animam
2347 2831 2447 2879 sin-

1382 2926 1573 2976 ceram,
1593 2919 1648 2960 et
1691 2925 1872 2974 puram
1912 2910 1978 2958 ab
2012 2909 2148 2958 omni
2191 2921 2444 2972 corporea

242 2987 482 3050 gendum,
506 3001 752 3051 suamque
771 2986 1036 3038 familiam.

294 3065 399 3112 229
432 3063 764 3126 Prometheus]
804 3064 969 3113 Filius
991 3065 1182 3129 Iapeti,
1201 3066 1305 3130 pri-

232 3155 344 3190 mus
368 3141 628 3192 hominem
651 3156 682 3190 e
705 3141 816 3191 luto
848 3140 1059 3208 tinxisse
1091 3142 1301 3206 dicitur,

234 3224 289 3267 et
321 3218 601 3278 Minervae,
622 3233 751 3282 opus
782 3219 948 3281 ipsius
979 3219 1301 3284 admirantis,

240 3306 334 3357 ope
368 3294 422 3343 in
446 3295 652 3344 Coelum
689 3292 846 3345 fuisse
874 3296 1126 3347 sublatus.
1193 3298 1300 3348 Hic

236 3369 447 3420 ferulam
488 3385 583 3421 seu
605 3371 856 3434 virgulam
897 3378 1025 3423 rote
1056 3374 1190 3423 Solis
1212 3375 1301 3425 ad-

236 3446 413 3509 movit,
434 3460 604 3511 eaque
637 3462 879 3511 aceensa,
902 3450 1075 3513 ignem
1112 3450 1302 3501 detulit

224 3521 283 3571 -in
303 3528 494 3586 terras,
515 3538 618 3587 quo
642 3524 835 3574 luteum
869 3540 1018 3575 suum
1050 3526 1300 3577 huminem

235 3598 498 3648 animavit.
534 3598 720 3648 Dictus
744 3607 823 3649 est
840 3600 1187 3651 Prometheus
1208 3600 1300 3651 ἀπὸ

234 3675 314 3732 τῆς
346 3673 652 3738 προμηθείας,
684 3691 715 3722 ιι
747 3676 1049 3739 providentia
1069 3678 1192 3741 Dei,
1211 3679 1300 3744 qui

235 3753 249 3779 ‘
266 3748 512 3802 formavit
532 3752 791 3802 hominem
812 3753 878 3802 de
901 3752 1021 3804 limo
1045 3761 1222 3816 terrae,
1244 3761 1300 3805 et

237 3828 505 3892 inspiravit
537 3828 592 3877 in
628 3827 819 3878 faciem
853 3831 965 3893 ejus
988 3831 1299 3894 spiraculum

236 3904 355 3954 vltae
369 3904 405 3954 ι’
439 3905 541 3954 hoc
573 3911 675 3967 est,
699 3905 920 3955 animam
947 3906 1160 3957 rationis
1182 3922 1299 3971 par-

240 3980 464 4044 ticipem,
495 3980 805 4046 spiritalem,
829 3997 946 4046 (μιν.
987 3983 1135 4034 velut
1166 3983 1299 4046 ignis

240 4057 460 4108 ccelestis
479 4057 739 4107 hominem
761 4058 975 4109 animat.
1018 4059 1133 4110 Has
1149 4057 1298 4127 fabun

241 4133 310 4182 las
345 4148 413 4183 ex
450 4134 618 4184 sacris
656 4135 884 4184 historiis
919 4135 1154 4188 detortas
1180 4148 1297 4186 esse

242 4222 384 4260 nemo
404 4225 510 4261 non
533 4210 701 4262 videt.

301 4286 563 4352 Emerita]
581 4288 814 4340 Miscens
835 4289 1003 4342 lutum
1019 4288 1175 4342 rebus
1197 4302 1300 4341 cus·

1383 2988 1548 3040 faece:
1598 2988 1816 3038 animam
1855 2986 2070 3035 rationis
2114 2984 2443 3048 participem,

1380 3066 1686 3131 spiritalem,
1704 3064 2060 3113 immortalem.

1445 3146 1556 3196 231,
1602 3139 1859 3202 claustris]
1918 3139 2159 3189 Animam
2203 3138 2347 3187 velut
2389 3136 2443 3186 in

1382 3232 1595 3268 carcere
1631 3232 1905 3281 corporeo,
1945 3221 2319 3279 repugnantem
2358 3227 2443 3264 co·

1381 3295 1566 3353 e'rcuit,
1584 3301 1742 3359 atque
1766 3293 1948 3342 vinxit.

1444 3375 1541 3421 232
1579 3372 1690 3420 Non
1711 3369 1877 3431 aliter]
1912 3369 1981 3416 Et
2004 3380 2120 3415 cum
2139 3366 2292 3414 homo
2309 3377 2440 3412 mor-

1383 3448 1501 3496 talis
1534 3461 1636 3496 non
1675 3453 1851 3510 posset
1873 3444 2016 3507 fingi,
2038 3457 2097 3492 ac
2120 3440 2327 3491 formari
2351 3440 2442 3491 ali·

1381 3530 1481 3585 ter,
1502 3537 1657 3589 quam
1670 3523 1715 3572 si
1731 3522 1903 3571 anima
1923 3521 2036 3583 ejus
2053 3517 2320 3581 spiritalis,
2340 3530 2442 3565 οω-

1378 3601 1543 3663 lestis,
1567 3598 1866 3648 immortalis
1893 3597 2207 3659 jungeretur
2230 3592 2441 3657 corpori

1377 3675 1581 3726 mortali
1602 3689 1664 3723 ac
1699 3680 1925 3733 terreno,
1948 3685 2041 3734 per
2068 3669 2327 3719 vinculum
2345 3668 2462 3736 ali·-

1379 3751 1545 3817 quod;
1566 3750 1687 3800 ideo
1702 3749 2036 3800 Prometheus
2057 3745 2260 3795 addidit
2282 3744 2440 3808 gemi-

1377 3844 1473 3878 nas
1504 3828 1713 3891 animas,
1752 3841 1905 3875 unam
1940 3825 2271 3887 sentientem,
2309 3824 2438 3873 alte-

1376 3919 1487 3954 ram
1522 3910 1873 3969 vegetantem,
1913 3917 2027 3965 quoe
2079 3906 2252 3950 essent
2294 3900 2441 3949 velut

1377 3996 1544 4032 nexus
1575 3988 1638 4030 et
1665 3979 1874 4030 vincula
1911 3978 2094 4027 animai
2132 3975 2437 4026 immortalis

1378 4073 1497 4108 cum
1537 4071 1754 4122 corpore
1789 4054 2013 4105 mortali.
2069 4052 2153 4103 Sic
2189 4050 2437 4115 Virgilius

1377 4133 1507 4184 dat‘
1534 4141 1639 4184 tres
1660 4132 1867 4183 animas'
1890 4130 2093 4180 Hei-ilo.

1441 4214 1540 4260 233
1575 4211 1703 4274 Iuae]
1733 4209 1919 4259 Anima
1935 4203 2436 4269 sentienffietanima

1377 4293 1648 4356 vegetans.
