2925 4928
886 444 983 492 na
1035 439 1303 494 MALml
1353 445 1631 495 Tnnon.
1680 447 1889 499 cons.
2351 435 2485 502 453

284 582 450 669 Ipsa
480 591 695 652 truces
723 588 945 668 foetus»,
971 581 1376 674 captivaque
1408 591 1612 655 ducat
1643 594 1729 657 ab
1763 594 1966 658 antris

286 688 630 772 Prodigia,
661 697 728 756 et
756 695 966 758 caedis
1000 695 1326 758 sitientem
1360 694 1621 758 differat
1647 715 1899 759 arcum.

285 788 697 857 Conveniant
723 795 883 873 ursi,
909 815 1152 878 magna
1181 816 1351 879 quos
1380 798 1554 861 mole
1586 798 1897 863 rudentes

282 891 507 959 Torva
536 895 895 978 Lycaoniis
927 898 1178 964 Helice
1196 901 1466 965 miretur
1496 902 1579 964 ab
1612 903 1850 965 astris:
2474 957 2479 960 .

283 986 716 1082 Perfossique
739 1008 958 1079 ruant,
987 1003 1237 1086 populo
1267 1004 1577 1087 pallente,
1608 1004 1859 1082 leoneS‚
2349 1004 2482 1071 300

281 1095 538 1175 Quales
568 1099 937 1185 Mygdonio
968 1124 1164 1169 curru
1192 1104 1469 1169 fraenare
1499 1106 1771 1190 Cybebe

285 1198 516 1283 optet,
547 1210 613 1267 et
635 1205 958 1271 Herculei
986 1208 1255 1272 mallent
1281 1208 1847 1290 fregisselacerti.

284 1300 508 1369 Obvia
534 1306 835 1373 fulminei
865 1317 1222 1395 properent
1252 1311 1336 1376 ad
1368 1313 1638 1376 vulnera
1670 1311 1864 1394 pardi

283 1404 552 1472 Semine
583 1413 910 1494 permixto
941 1415 1169 1497 geniti,
1202 1436 1354 1480 cum
1383 1415 1549 1480 sorte
1577 1414 1812 1479 leaenae

280 1592 400 1639 rum,
424 1582 472 1626 et
496 1580 803 1641 comprimant
823 1580 1046 1630 venabula
1074 1586 1242 1631 conatu
1264 1588 1406 1632 certo.
1476 1582 1587 1644 Ipsa
1618 1582 1821 1629 adducat
1852 1595 1877 1628 e
1920 1580 2132 1628 caverni!
2168 1581 2270 1630 suis
2310 1580 2484 1633 bestiae

280 1641 502 1706 immites,
531 1649 579 1693 et
600 1650 807 1694 monstra
827 1647 997 1709 ligata,
1034 1651 1081 1695 et
1102 1649 1312 1697 retardet
1333 1647 1545 1708 jaculum
1576 1646 1764 1694 avidum
1785 1646 1982 1694 crum-is.
2055 1646 2167 1694 Ursi
2188 1654 2487 1712 concurrant,

279 1723 390 1771 quoe
414 1707 678 1768 frementes
706 1716 838 1759 vasto
870 1727 1057 1774 corpore
1095 1713 1261 1761 Arctoe
1292 1714 1505 1776 zelotypa
1538 1711 1827 1773 obstupescat
1860 1725 1921 1759 ex
1941 1710 2173 1759 sideribus
2193 1712 2446 1775 Lycaoniis
2460 1731 2482 1773 ,-

283 1778 328 1821 et
350 1774 530 1822 Leones
549 1775 724 1840 confixi
745 1778 933 1839 cadant,
953 1778 1119 1840 popqu
1155 1778 1371 1837 timente,
1402 1778 1559 1840 quales
1595 1776 1767 1837 Cybele
1787 1780 1980 1838 expetat
2006 1775 2212 1836 jungere
2256 1778 2307 1824 in
2341 1793 2486 1828 cum

281 1839 564 1901 Mygdonio,
584 1844 630 1887 et
653 1856 817 1890 manue
833 1842 1059 1890 Herculis
1078 1844 1236 1892 mallet
1253 1841 1553 1906 profligasse.
1609 1841 1758 1891 Pardi
1780 1840 2014 1889 terribiles
2036 1838 2273 1900 festinent
2310 1845 2371 1890 ad
2389 1844 2487 1893 tela

280 1904 513 1967 opposita,
539 1905 686 1970 pardi
707 1908 813 1955 nati
850 1922 918 1957 ex
953 1911 1128 1957 semine
1165 1907 1324 1970 misto,
1356 1924 1462 1956 cum
1482 1906 1619 1967 forte
1640 1907 1901 1955 maculosus
1931 1907 2120 1955 adulter
2163 1906 2353 1955 vitiavit
2376 1921 2488 1956 ven-

1213 2016 1567 2036 OOOOOOOO‘O‘O

276 2089 500 2147 premant
542 2085 688 2135 Rott.
749 2086 870 2136 nixu
915 2085 1035 2135 Ald.
1081 2086 1184 2135 visu
1226 2086 1352 2134 Vat.
1400 2100 1508 2134 sec.
1553 2085 1884 2136 Oisel.—296
1927 2084 2089 2145 fretus
2126 2084 2274 2135 Med.
2316 2100 2488 2135 sec.-

281 2153 377 2199 297
413 2152 522 2199 cede
549 2151 667 2200 Vat.
693 2167 772 2216 pr.
809 2166 875 2200 m.
895 2167 970 2215 pr.
1010 2154 1143 2200 caecis
1161 2152 1289 2202 Juu.
1321 2152 1508 2200 desinat
1528 2152 1653 2203 Juu.
1691 2167 1769 2214 pr.
1793 2171 1796 2176 ·
1816 2151 2001 2210 deferat
2022 2152 2144 2201 Vat.
2184 2157 2307 2199 tert.
2344 2152 2491 2218 Rott.

286 2214 451 2263 Oisel.
475 2216 600 2265 Var.
627 2217 730 2266 LL.
761 2231 796 2265 e
819 2231 977 2279 marg.
995 2217 1170 2266 Parin.
1204 2219 1396 2278 detegat
1423 2217 1619 2267 Mazar.
1652 2216 1849 2281 differat
1876 2224 1982 2266 tres
1999 2216 2147 2265 Vatt.
2181 2217 2320 2265 Pric.
2337 2216 2491 2266 Farn.

283 2279 385 2330 duo
422 2280 567 2331 Med.
591 2282 719 2331 Lov.
744 2282 864 2331 Vat.
888 2282 1217 2331 Livin.Leid.
1242 2297 1320 2345 pr.
1354 2283 1481 2331 Exc.
1507 2283 1705 2332 Ruben.
1729 2283 1950 2331 Lucem.
1984 2296 2062 2346 pr.
2096 2280 2180 2330 ed.
2216 2282 2391 2330 Parm.
2436 2287 2495 2330 et

283 2345 455 2395 Vicet.
489 2344 686 2409 differat
711 2347 792 2396 vel
815 2346 996 2406 deserat
1020 2347 1162 2396 Prie.
1194 2348 1386 2399 Moret.
1411 2351 1654 2411 pr.—298
1686 2353 1876 2397 ruentes
1899 2354 2005 2396 tres
2029 2347 2315 2400 vuapal.
2340 2347 2493 2396 Farn.

284 2410 438 2461 Rott.
460 2411 584 2461 Vat.
609 2411 777 2461 Livin.
811 2414 1029 2462 rudentes
1049 2412 1194 2461 Leid.
1219 2426 1300 2476 pr.
1335 2413 1436 2461 duo
1481 2412 1630 2462 Vatt.
1670 2412 1814 2462 Prie.
1855 2412 2018 2462 Oisel.
2045 2412 2144 2460 inc.
2165 2412 2348 2460 Heins.
2371 2411 2494 2464 Put.

283 2478 484 2526 Mazar.
508 2477 610 2526 duo
636 2479 816 2528 Petav.
841 2478 1040 2527 Bonon.
1068 2478 1189 2527 Par.
1228 2479 1437 2527 ΤΙιοΙοε.
1470 2478 1595 2528 Lov.
1618 2485 1721 2527 tres
1746 2477 1923 2528 Ambr.
1958 2480 2084 2528 Var.
2126 2478 2233 2527 LL.
2268 2492 2301 2527 e
2329 2491 2494 2540 marg.

283 2543 611 2609 Parm.·Exc.
636 2543 851 2593 Gevart.
874 2542 996 2593 Ald.
1020 2544 1145 2592 Var.
1167 2544 1274 2592 LL.
1316 2544 1400 2592 ed.
1441 2541 1603 2592 Antv.
1635 2548 1823 2592 ruentes
1839 2545 1925 2592 vel
1962 2544 2179 2592 ,ndentes
2201 2542 2388 2591 Petav.
2414 2556 2495 2604 pr.

285 2608 460 2657 Oxou.
485 2621 588 2657 sec.
611 2608 685 2657 sic
709 2614 813 2657 vet.
831 2608 995 2659 Codd.
1030 2610 1270 2658 rudentes.
1314 2607 1451 2672 apud
1492 2608 1752 2670 spartian.
1785 2608 1837 2656 in
1874 2607 2141 2657 Antonino
2187 2608 2324 2656 Geta
2347 2622 2397 2671 p.
2413 2611 2496 2657 92.

282 2672 451 2723 eoevire
471 2673 576 2721 urei
596 2673 855 2723 dicuntur.
879 2673 984 2723 vid.
1010 2674 1185 2724 Gloss.
1225 2673 1329 2721 Ma.
1361 2680 1418 2722 et
1457 2672 1617 2722 Ovid.
1641 2672 1705 2721 de
1748 2672 2054 2722 Philomela.
2077 2670 2185 2722 vid.
2202 2673 2413 2721 Salmas.
2438 2685 2493 2734 p.

287 2741 569 2787 lea—299
601 2739 804 2787 miv-aem
824 2738 967 2787 Pric.
991 2738 1094 2788 inc.
1117 2737 1298 2787 Heins.
1321 2738 1447 2787 Lov.
1469 2736 1570 2786 duo
1607 2736 1789 2786 Ambr.
1828 2738 2025 2787 Moret.
2063 2751 2169 2788 sec.
2208 2735 2292 2785 ed.
2318 2736 2494 2787 Vicat.

283 2804 438 2851 antris
461 2801 623 2853 Oisel.
646 2804 777 2867 Reg.
799 2803 1011 2853 Tholos.
1042 2803 1188 2852 actv-ie
1228 2801 1310 2851 vel
1354 2803 1513 2852 antris
1536 2801 1709 2852 Oxou.
1735 2807 2004 2853 sem—300
2040 2800 2339 2865 Proseeeique
2359 2802 2494 2865 Reg.

280 2867 554 2931 perfueique
577 2884 741 2933 marg.
763 2869 971 2917 Marcii.
999 2870 1168 2931 populo
1191 2866 1394 2926 mirante
1418 2866 1565 2917 Med.
1585 2875 1755 2932 quart.
1770 2871 1990 2930 pascente
2008 2867 2287 2917 Pan—3⁰1
2327 2866 2495 2923 Qualis

288 2932 431 2983 Med.
454 2939 625 2997 quart.
645 2934 778 2997 Reg.
797 2934 992 2984 Thiian.
1013 2931 1215 2993 frenata
1234 2933 1356 2983 Vat.
1376 2938 1502 2982 tert.
1537 2933 1676 2983 Pric.
1715 2933 1860 2982 Rott.
1895 2931 2056 2984 Oisel.
2076 2931 2221 2982 Med.
2263 2945 2370 2982 sec.
2393 2932 2495 2982 duo

285 2997 467 3047 Petav.
487 2999 695 3049 Tholos.
714 3001 841 3049 Lov.
862 3000 986 3051 Jun.
1010 3012 1089 3062 pr.
1111 3000 1238 3047 Exc.
1255 2997 1476 3047 Gevart.
1504 2998 1676 3062 Cybele
1696 3003 1802 3048 tres
1823 2998 1971 3048 Vatt.
1990 2999 2124 3061 Reg.
2160 2996 2348 3061 Cybelle
2369 2997 2496 3051 LoV.

287 3068 449 3112 —302
488 3065 637 3128 Optet
658 3064 804 3115 Leid.
828 3079 905 3128 pr.
919 3078 1035 3114 cum
1054 3063 1242 3127 viginti
1265 3069 1486 3126 quatuor
1506 3064 1641 3125 aliis,
1660 3065 1790 3112 Var.
1814 3063 1918 3113 LL.
1943 3077 1973 3112 e
1987 3078 2151 3127 marg.
2169 3063 2346 3112 Parm.
2366 3063 2495 3112 Exc.

292 3127 507 3178 Gevart.
531 3136 586 3178 et
609 3130 832 3179 Lucens.
855 3143 936 3193 pr.
956 3128 1076 3178 Ald.
1096 3137 1153 3178 et
1175 3128 1260 3177 ed.
1291 3129 1464 3178 Vicet.
1509 3131 1686 3179 molent
1701 3130 1826 3178 Vat.
1852 3137 1970 3178 tert.
2004 3130 2197 3177 mallent
2221 3135 2328 3178 tres
2341 3128 2491 3177 Vatt.

292 3192 403 3242 Pal.
426 3195 576 3243 Farn.
602 3193 765 3243 Oisel.
796 3195 963 3243 malint
986 3194 1107 3244 Vat.
1143 3201 1313 3258 quart.
1348 3193 1491 3242 Med.
1517 3209 1618 3244 sec.
1657 3195 1783 3243 item
1825 3193 1947 3243 edd.
1984 3192 2147 3242 Gesn.
2181 3193 2395 3257 Bipont.
2440 3198 2497 3242 et

288 3257 662 3324 Koenig.-303
691 3263 947 3323 properant
971 3259 1099 3308 Lov.
1153 3261 1215 3308 ad
1237 3259 1449 3323 flumina
1489 3259 1592 3309 inc.
1613 3259 1962 3308 Hein8.-3o4
1991 3258 2154 3320 genito
2177 3257 2280 3308 inc.
2305 3256 2493 3308 Heius.

1283 3389 1503 3441 NOTAE

356 3489 619 3555 Venabula]
638 3488 944 3556 Θηριομάχοι,
958 3489 1010 3539 id
1030 3496 1131 3551 est,
1147 3488 1227 3552 qui
1243 3503 1347 3538 con·
1427 3487 1642 3539 Helice:
1679 3485 1834 3550 ἑλίκη,
1857 3486 2061 3550 vertigo,
2085 3482 2498 3548 circumvolutio,

289 3574 366 3618 tra
390 3569 533 3626 serae
550 3569 846 3633 pugnabant,
869 3575 958 3617 aut
982 3567 1214 3631 agilitate
1238 3582 1349 3616 cor·
1426 3581 1529 3632 qua
1576 3566 1798 3616 vertitur
1835 3564 1965 3614 illud
2006 3563 2149 3613 sidus
2201 3563 2501 3628 septemtri-

290 3645 427 3707 poris
469 3645 523 3695 in
562 3644 754 3694 bestias
793 3644 1078 3705 irruebant,
1121 3649 1177 3693 et
1214 3643 1351 3692 colla
1427 3644 1596 3694 onale.

290 3729 400 3772 arte
421 3721 865 3785 constringebant,
905 3726 998 3769 aut
1032 3733 1206 3768 earum
1231 3734 1350 3784 pec·
1493 3724 1588 3769 301
1628 3717 1830 3783 Cybebe]
1869 3718 2099 3768 Deorum
2146 3720 2332 3778 mater,
2373 3714 2500 3768 ado-

295 3804 406 3846 tora
425 3797 682 3848 venabulo
705 3796 1091 3846 confodiebant.
1433 3805 1545 3845 rata
1567 3797 1618 3846 in
1632 3796 1916 3861 Mygdonia
1925 3794 2171 3859 Phrygiae
2189 3792 2423 3858 regione,
2438 3799 2498 3844 et

350 3876 458 3928 298,
484 3871 753 3934 Μαίη]
806 3871 1016 3922 Rudere
1060 3870 1251 3921 dicitur
1283 3869 1350 3920 de
1430 3871 1668 3943 leonibus
1710 3872 1829 3921 vehi
1870 3873 2058 3922 solita:
2111 3870 2234 3920 hinc
2279 3869 2498 3934 dicitnr,

263 3994 267 3998 Α
292 3947 485 4012 Asinis‚
510 3947 786 4012 Leonibus,
807 3949 975 3998 Ursis.
1046 3947 1154 3998 Alii
1173 3948 1354 4012 legunt
1430 3950 1445 3976 ‘
1472 3949 1667 3998 Currus
1691 3949 2003 4013 Mygdonius
2025 3945 2298 4011 Cybebes?

294 4029 492 4088 ruentes,
512 4038 613 4074 nec
645 4025 802 4073 male.
1497 4030 1595 4076 302
1631 4024 1878 4088 Herculei]
1927 4024 2272 4075 Adducantur
2293 4024 2498 4074 Leones

301 4124 306 4129 ·
353 4105 450 4151 299
483 4099 758 4165 Lycaoniis]
807 4102 888 4150 Ex
933 4099 1124 4165 Auris,
1159 4100 1213 4150 in
1234 4115 1354 4165 qua}
1434 4120 1563 4175 quos
1605 4105 1752 4153 malit
1794 4103 2051 4154 Hercules
2094 4102 2299 4167 vicisse,
2342 4115 2496 4165 quam

297 4176 404 4240 ipsa
426 4178 624 4227 Calisto
648 4178 901 4240 Lycaonis
935 4177 1059 4241 filia,
1099 4184 1156 4227 et
1189 4176 1355 4226 Arcas
1436 4183 1662 4232 Leonem
1682 4180 1842 4245 sylvae
1870 4179 2149 4228 Nemeaeoe.

297 4251 423 4303 filins
439 4253 663 4303 calistus
684 4255 872 4303 mutati
893 4260 1033 4306 sunt.
1350 4286 1356 4296 ·
1499 4262 1596 4307 303
1632 4256 1892 4319 fulminei]
1947 4254 2034 4305 Ob
2072 4253 2400 4305 velocitatem
2441 4257 2499 4302 et

357 4329 549 4396 Helice]
600 4331 741 4382 ‘Ursa
776 4331 955 4399 major,
996 4347 1112 4399 quae
1164 4330 1357 4389 dicitur
1434 4336 1685 4402 impetum
1705 4333 1782 4386 sic
1799 4332 2130 4399 appellantur
2144 4328 2313 4397 pardi.
