2925 4928
455 390 590 460 376

456 552 741 619 Accitus
773 553 1057 620 conviva
1085 554 1278 638 perit.

1172 408 1289 455 GL.
1334 405 1762 455 CLAUDIAM
1814 407 1946 456 XV.

1370 552 1565 620 Mors
1596 554 1785 619 nulla
1811 555 2053 639 refugit
2085 555 2090 558 ’

454 655 835 722 Artificem:
880 658 1106 722 varios
1134 677 1378 723 succos
1409 677 1824 742 spumasque
1843 658 2130 742 ‘requirit

455 759 848 845 Serpentum
873 761 1142 837 virideS,
1174 767 1244 825 et
1272 761 1494 825 adhuc
1523 761 1748 843 ignota
1775 763 2084 826 novercis

454 861 793 928 Gramina.

887 863 963 927 Si
994 864 1349 947 quisquam
1378 862 1573 928 vultu
1601 866 1965 947 praesentia
1994 865 2282 940 damnet,

452 965 847 1031 Liberiusve
879 973 1117 1049 gemat,
1151 967 1444 1051 dapibus
1475 968 1760 1032 crudelis
1791 968 1858 1032 in
1886 970 2056 1051 ipsis

2534 967 2665 1031 175

451 1066 720 1133 Emicat
749 1069 836 1132 ad
867 1076 1097 1134 nutum
1128 1071 1360 1134 stricto
1388 1090 1704 1135 mucrone
1732 1072 2053 1137 minister.

451 1169 671 1234 Fixus
701 1172 985 1256 quisque
1016 1179 1158 1237 toro
1188 1174 1392 1239 tacita
1417 1173 1771 1240 formidine
1799 1175 1968 1240 libat

454 1271 824 1339 Carnifices
853 1276 1117 1359 epulae,
1148 1277 1528 1360 incertaque
1553 1277 1804 1361 pocula
1830 1277 2095 1362 pallens

448 1377 718 1457 Haurit,
747 1386 812 1444 et
839 1380 1124 1445 intentos
1154 1381 1366 1464 capiti
1397 1381 1853 1466 circumspicit
1879 1402 2093 1447 enseS.

450 1482 780 1567 Splendet
808 1483 1125 1548 Tartareo
1147 1482 1408 1548 furialis
1436 1503 1669 1548 mensa
1698 1489 1954 1569 paratu,

2533 1484 2662 1549 180

449 1680 611 1729 genus
633 1668 751 1716 latet
773 1667 1060 1717 inventorem
1091 1669 1301 1721 sceleris
1344 1670 1656 1721 Gildonem:
1690 1671 1901 1733 vestigat
1918 1670 2123 1734 liquores
2142 1669 2368 1732 diversos,
2400 1672 2448 1718 et
2468 1683 2659 1732 spumas

446 1732 616 1780 lividas
632 1733 911 1796 draconum,
949 1739 997 1783 et
1034 1734 1201 1783 herbas
1232 1736 1502 1796 incognitas
1532 1738 1684 1786 adhuc
1718 1736 1945 1786 novercis.
2013 1735 2073 1785 Si
2109 1736 2280 1798 aliquis
2312 1736 2447 1784 vultu
2480 1740 2658 1795 arguat

445 1803 639 1845 statum
656 1804 955 1860 prcesentem,
991 1804 1038 1847 et
1056 1797 1336 1860 ingemiscat
1356 1801 1570 1863 liberius,
1605 1803 1792 1851 satelles
1809 1808 1958 1850 soevus
1977 1801 2103 1850 inter
2130 1801 2234 1864 ipsa
2256 1801 2471 1849 convivia
2493 1799 2660 1848 exsilit

442 1864 568 1911 nudo
585 1863 748 1924 gladio
770 1866 833 1911 ad
866 1863 1119 1913 arbitrium
1144 1866 1383 1916 Gildonis,
1452 1867 1667 1930 Quisque
1687 1868 1860 1932 affixus
1888 1867 2003 1916 lecto
2026 1881 2143 1915 cum
2168 1865 2315 1914 tacito
2343 1870 2472 1914 metu
2489 1868 2659 1926 gustat

442 1927 568 1975 cibos
589 1927 875 1990 mortiferos,
913 1933 961 1977 et
982 1931 1294 1992 expallescens
1313 1936 1480 1980 vacuat
1507 1932 1702 1996 scyphos
1720 1933 1901 1994 dubios,
1935 1937 2076 1994 atque
2096 1932 2451 1993 circumspectat
2466 1929 2660 1994 gladios

443 1992 741 2042 imminentes
760 1994 926 2058 capiti.
962 1995 1133 2044 Mensa
1141 1995 1339 2055 funesta
1360 1995 1563 2060 refulget
1578 2013 1750 2062 pompa
1766 1997 1972 2063 inferna,
1992 1998 2232 2047 exundans
2251 2002 2433 2059 strage,
2456 1996 2660 2045 crudetis

1370 2124 1517 2144 θ’θ’,
1523 2124 1693 2144 ‘eene
1701 2125 1728 2143 Ι

443 2205 779 2257 Parme-1⁷1
817 2207 1035 2258 Aescitus
1055 2209 1200 2260 Pric.
1221 2209 1417 2260 Ascitus
1444 2212 1640 2261 Bonon.
1675 2212 1872 2262 Arcitus
1899 2213 2027 2263 Var.
2053 2213 2158 2262 LL.
2182 2210 2266 2261 ed.
2289 2209 2448 2260 Antv.
2485 2210 2661 2259 Adsci-

439 2276 519 2319 tus
539 2272 751 2335 legebat
775 2273 1037 2336 Heinsius,
1059 2282 1114 2323 et
1136 2276 1274 2324 inter
1296 2277 1398 2324 alia
1419 2278 1735 2339 ascripserat
1757 2279 1924 2328 locum
1949 2277 2128 2328 Ovidii
2152 2290 2229 2326 ιν.
2254 2277 2411 2326 Pont.
2436 2277 2539 2339 Ep.
2564 2288 2653 2324 rx.

442 2338 459 2364 ⁴
482 2338 557 2386 Tu
577 2345 722 2387 certe
745 2338 848 2386 scis
871 2340 968 2389 hoc
992 2341 1202 2403 Superis
1244 2341 1442 2391 adscite
1480 2343 1728 2407 videsque
1754 2343 2127 2392 Caesar.’—l72
2149 2341 2290 2402 sucos
2306 2341 2453 2390 Med.
2476 2347 2654 2405 quart.

439 2416 740 2518 affingit?
762 2404 1643 2522 ΜῖτῑὲτᾈεῑίφιιίἒᾝὴοίἕῖᾶΜοτρτ.
1684 2412 1927 2485 [ηπ-473
1962 2409 2213 2522 Serpenffis
2251 2406 2366 2457 Pal.
2402 2405 2655 2519 Μφᾱὶῗρτ.

438 2538 563 2584 tert.
588 2548 653 2583 m.
679 2498 835 2598 [κζ-ἱνα
853 2536 970 2598 ipsis
993 2487 1469 2587 κζῖαείεάέιῗὸκιξυῖ
1490 2480 1570 2603 ἑξ.
1581 2479 1783 2604 tin-iffi
1805 2474 2102 2589 &nawa
2123 2477 2656 2601 Reg.ail)·xgceri².²⁸stec.a-—t-:

440 2601 535 2648 177
569 2600 719 2649 tacita
745 2601 825 2649 vel
847 2602 1021 2651 tacitus
1038 2603 1403 2654 Turtam—178
1438 2605 1691 2671 Carnificis
1727 2605 1847 2656 Vat.
1884 2608 2218 2669 quarn—179
2248 2604 2481 2653 instantes
2501 2602 2656 2666 capiti

436 2663 633 2715 Moret.
659 2680 764 2715 sec.
804 2668 944 2716 lateri
964 2669 1088 2717 Vat.
1116 2674 1238 2718 tert.
1261 2669 1401 2719 Prie.
1426 2670 1588 2737 Oisel.
1610 2671 1729 2721 Pat.
1753 2671 1953 2720 Mazar.
1986 2685 2115 2720 unus
2139 2668 2361 2720 Heiusii.
2396 2669 2542 2727 lateri
2566 2670 2651 2717 vel

434 2730 583 2794 capiti
608 2730 732 2781 Vat.
755 2747 836 2796 pr.
872 2733 1102 2783 Florent.
1125 2735 1272 2786 Med.
1298 2750 1377 2799 pr.
1400 2735 1527 2786 Put.
1552 2736 1655 2786 inc.
1680 2736 2032 2786 Heium—180
2053 2735 2230 2796 feralis
2261 2734 2407 2783 Pric.
2428 2734 2557 2783 LoV.
2591 2742 2653 2782 et

1432 2850 1485 2900 N
1491 2850 1655 2902 OTAE

502 2946 594 2992 171
631 2942 831 2993 Accitus
867 2944 1085 3008 conviva]
1139 2945 1502 2998 Invitaturin

434 3020 746 3082 convivium,
767 3021 859 3071 ubi
880 3022 961 3070 vel
983 3021 1156 3086 gladio
1175 3024 1258 3071 vel
1278 3038 1499 3087 veneno,

433 3111 526 3149 seu
568 3098 756 3149 boletis
800 3099 1058 3163 pestiferis
1108 3101 1264 3164 perit.
1343 3102 1499 3152 Unde

432 3173 759 3226 Distichum:
816 3176 1083 3240 ‘Defungi
1121 3176 1294 3241 fungis
1336 3179 1498 3229 homi-

434 3267 574 3316 nem,
608 3254 867 3326 Macrine,
904 3256 1158 3318 putabas:
1202 3256 1376 3305 Boleti
1404 3258 1497 3307 leti

430 3346 583 3381 causa
605 3331 752 3382 fuere
779 3333 887 3383 tui!
940 3334 1172 3383 Martiali
1191 3335 1378 3385 tribuit
1399 3335 1498 3386 hoc

430 3408 724 3459 Distichum
748 3409 1009 3473 Cujacius.

497 3490 594 3536 172
626 3485 902 3553 Artificem]
938 3487 1096 3537 Gildo
1119 3501 1288 3537 saevus
1312 3490 1495 3538 mortis

427 3562 622 3612 artifex
644 3564 744 3612 scit
767 3579 943 3613 omnes
975 3568 1135 3627 artes,
1167 3564 1354 3630 quibus
1377 3566 1493 3630 quis

428 3640 599 3689 occidi
623 3641 818 3703 possit;
853 3648 908 3691 et
942 3655 1092 3690 nemo
1129 3648 1235 3690 tam
1274 3642 1495 3692 callidus

429 3722 531 3777 est,
554 3723 612 3765 ut
636 3714 865 3779 effugere
890 3719 1061 3766 valeat
1085 3718 1194 3781 ejus
1212 3718 1373 3768 dolos.

496 3796 589 3841 174
626 3793 886 3858 Gramina]
905 3793 1127 3856 Herba,
1144 3809 1359 3860 venena,
1373 3812 1496 3862 qua-

423 3866 496 3917 lia
530 3868 755 3917 nondum
780 3877 970 3920 norunt
1005 3885 1265 3936 novercae,
1304 3873 1357 3922 id
1393 3879 1495 3938 est,

424 3945 711 3994 teterrima.
738 3947 895 3996 Notae
914 3961 1252 3998 novercarum
1272 3951 1491 4002 insidiae.

426 4022 674 4074 Ovidius:
706 4024 723 4050 ⁴
750 4024 943 4073 Lurida
977 4026 1239 4076 terribiles
1270 4028 1492 4080 miscent

422 4100 633 4151 aconita
653 4099 929 4150 novercae!
1036 4092 1045 4105 ‘

490 4183 587 4230 176
621 4178 833 4243 Emicat]
864 4180 1085 4230 Satelles
1119 4182 1185 4231 ad
1220 4184 1488 4236 arbitrium

424 4255 665 4307 Gildonis
687 4257 899 4319 emicat,
924 4263 985 4307 ut
1007 4259 1220 4309 occidat
1239 4274 1383 4325 eum,
1397 4263 1487 4326 qui

420 4332 632 4388 liberius
662 4334 797 4386 ausit
825 4348 1054 4400 gemere,
1083 4341 1144 4387 ‘et
1173 4344 1489 4401 praesentem

1581 2963 1752 2999 rerum
1777 2955 1972 2999 statum
1995 2949 2078 2997 vel
2104 2949 2247 2998 vultu
2274 2961 2510 3012 arguere.
2559 2946 2650 2997 Sic

1580 3033 1832 3092 tyrannus
1854 3026 2038 3076 fientes
2063 3033 2118 3075 et
2136 3031 2403 3089 gementes
2421 3023 2644 3083 occidit;

1579 3106 1654 3156 sic
1676 3107 1925 3170 Caligula,
1941 3106 2104 3167 Nero,
2125 3110 2180 3154 et
2200 3103 2287 3153 alii
2301 3106 2442 3153 inter
2457 3103 2649 3167 pocula

1578 3183 1886 3233 occiderunt
1905 3182 2167 3232 convivas.

1648 3265 1742 3310 177
1777 3258 1956 3322 Fixus]
2007 3259 2239 3323 Quisque
2276 3258 2329 3307 in
2368 3259 2513 3309 lecto
2552 3271 2646 3306 seu

1582 3337 1810 3387 triclinio
1844 3336 1996 3398 fixus,
2029 3351 2091 3386 ac
2127 3337 2270 3385 velut
2299 3335 2551 3385 attonitus
2575 3334 2644 3383 ob

1578 3416 1816 3466 timorem
1854 3419 2029 3480 gustat
2061 3413 2260 3477 epulaS,
2298 3427 2416 3477 quae
2455 3411 2645 3476 saepius

1577 3500 1770 3543 necant
1782 3490 2130 3555 comedentes,
2158 3489 2384 3555 ideoque
2400 3489 2646 3539 dicuntur

1573 3570 1816 3636 carnifices
1833 3569 1998 3633 epulae.
2569 3628 2573 3632 ι

1641 3652 1738 3698 178
1774 3648 2047 3709 Iacer-taque
2058 3643 2247 3709 pocula]
2280 3642 2460 3693 Dubia
2481 3649 2537 3694 et
2555 3658 2643 3692 an·

1574 3725 1791 3790 cipitia:
1826 3730 2101 3789 postquam
2135 3722 2272 3772 enim
2296 3737 2360 3771 ea
2379 3722 2493 3787 quis
2518 3723 2640 3772 bau·

1574 3802 1661 3866 sit,
1694 3802 1936 3852 dubitare
1971 3805 2164 3864 potest,
2204 3813 2270 3848 au
2293 3812 2396 3847 non
2417 3806 2638 3848 mortem

1570 3878 1724 3928 simul
1743 3879 1995 3929 hauserit.
2023 3920 2028 3927 .

1640 3960 1736 4006 179
1769 3956 1986 4005 Intentos
2005 3953 2178 4019 capiti]
2211 3952 2394 4017 Videt,
2427 3953 2638 4003 metuit-

1573 4049 1674 4099 que
1712 4048 1861 4083 enses
1893 4033 2057 4097 capiti
2090 4033 2438 4092 imminentes,
2474 4032 2638 4081 instar

1570 4111 1834 4161 Damoclis
1853 4110 2148 4172 Horatiani,
2163 4110 2178 4136 ‘
2194 4109 2484 4158 Districtus
2503 4110 2642 4158 ensis¹

1570 4188 1650 4238 cni
1676 4201 1834 4250 super
1849 4187 2008 4250 impia
2028 4186 2246 4236 Cervice
2277 4186 2509 4249 pendet,'
2532 4189 2635 4237 διο.

1635 4269 1732 4316 180
1770 4264 2019 4329 Tartareo]
2050 4262 2353 4327 Apparatu,
2385 4264 2476 4328 qui
2514 4277 2635 4316 can-

1569 4342 1709 4394 vivas
1731 4342 1922 4408 saepius
1944 4341 2042 4393 sub
2066 4347 2265 4393 tartara
2285 4341 2482 4392 mittat.
2555 4374 2560 4377 -
