2925 4928
842 385 926 435 IN
975 384 1328 435 Puonaem·
1372 385 1596 434 cmm.
1625 383 1853 435 ,ooNS.

218 528 591 598 Instaurare
621 530 796 609 vias,
825 531 1241 607 etzcursib'ns·
1258 530 1507 595 addere
1531 533 1801 596 nomen.

2325 510 2414 594 lo

218 636 343 700 His
371 656 597 720 neque
626 655 751 719 per
781 636 1066 700 dubium
1090 633 1341 717 pendet
1362 635 1676 707 Fortuna
1699 633 2024 713 favorem,

217 738 360 804 Nec
388 740 585 804 novit
615 739 1127 804 mutarevices:
1176 736 1298 802 sed
1327 737 1510 801 fixus
1540 737 1607 801 in
1639 757 1871 802 omnes
1947 744 1952 749 ’

215 840 560 923 Cognatos
587 842 896 926 procedit
925 842 1164 906 honoS.

1254 839 1766 925 Quemcumque
1795 841 2095 925 requires

215 944 366 1009 Hac
402 945 490 1009 de
524 948 733 1031 stirpe
766 946 1009 1023 virum,
1045 952 1306 1010 certum
1337 953 1448 1010 est
1478 945 1583 1009 der
1608 943 1904 1010 Consule
1933 943 2150 1010 nasci.

215 1047 342 1111 Per
367 1047 603 1113 fasces
633 1055 1054 1113 numerantur
1082 1051 1651 1133 avi,-semperque
1680 1055 1915 1114 renata

2267 994 2414 1114 -15'

216 1149 592 1216 Nobilitate
618 1152 862 1229 virent,
897 1156 965 1215 et
994 1152 1250 1235 prolem
1282 1152 1426 1217 fata
1455 1158 1870 1236 sequuntur,.

215 1250 626 1318 continuum
659 1254 868 1318 simili
898 1255 1241 1318 servantia
1265 1255 1411 1337 lege
1457 1261 1783 1331 tenorem.

210 1351 747 1440 Necquisquam
774 1378 1132 1443 procerum
1167 1364 1413 1436 tentat,
1445 1358 1604 1423 licet
1634 1377 1765 1421 aere
1794 1364 2067 1423 vetusto

212 1523 425 1573 Fortuna
447 1525 615 1591 horum
648 1524 937 1575 Anniorum
967 1541 1060 1575 non
1096 1526 1268 1588 pendet
1286 1541 1317 1574 a
1345 1524 1518 1585 favore
1541 1524 1736 1585 incerto,
1760 1529 1807 1574 et
1827 1524 1977 1574 nescit
2011 1524 2117 1588 poti
2149 1524 2417 1575 inconstan-

210 1590 363 1646 tiam
393 1592 478 1638 sed
513 1590 778 1652 dignitates
809 1591 1004 1640 stabiles
1036 1596 1281 1641 transeunt
1302 1594 1366 1640 ad
1401 1605 1556 1639 omues
1590 1593 1825 1652 cognatos.
1895 1589 2237 1653 Quemcumque
2258 1591 2415 1641 virum

208 1654 386 1717 queres
413 1662 587 1704 ortum
612 1672 675 1704 ex
687 1657 776 1706 Imc
794 1657 1008 1717 familia,
1029 1661 1209 1707 constat
1224 1671 1339 1705 eum
1360 1656 1490 1705 nasci
1506 1670 1568 1704 ex
1587 1656 1759 1719 aliquo
1780 1656 1996 1705 Consule.
2061 1656 2122 1704 In
2146 1656 2241 1706 bac
2259 1663 2417 1719 gente

211 1719 290 1768 uvi
323 1726 639 1769 numerantur
655 1737 742 1785 per
766 1723 1058 1783 Consulatus,
1080 1726 1129 1771 et
1148 1722 1223 1770 illi
1244 1736 1424 1785 semper
1444 1721 1628 1786 florent
1648 1725 1762 1769 nota
1782 1735 1901 1769 noco
1921 1719 2202 1776 nobilitum
2232 1725 2281 1770 et
2296 1721 2414 1780 sota

201 1786 448 1835 servantia
479 1786 650 1836 seriem
685 1792 959 1852 perpetuam
976 1787 1087 1852 pori
1122 1788 1287 1837 ordine
1313 1787 1489 1847 favent
1510 1785 1769 1850 nepotibus.
1832 1784 1907 1835 Ac
1947 1786 2102 1834 nullus
2121 1785 2417 1850 optimatum,

1148 1907 1236 1927 OOC
1243 1907 1353 1929 ‘a‘
1359 1906 1505 1926 ‘006‘

210 1972 457 2023 Huniadae
494 1975 626 2041 Exc.
646 1975 980 2026 Ruben.—11
1012 1977 1159 2040 pendi
1192 1976 1318 2025 Vat.
1361 1975 1526 2038 quint.
1560 1974 1680 2024 dein
1700 1970 1918 2038 pd'vorem
1950 1973 2021 2023 id.
2064 1974 2188 2023 Vat.
2212 1978 2268 2023 et
2292 1973 2419 2040 Pal.

200 2037 413 2098 favorem
440 2039 564 2091 Vat.
589 2048 699 2104 opt.
729 2043 910 2091 Petam
934 2043 1088 2091 Farn.
1113 2041 1254 2099 Prie.
1277 2040 1422 2090 Med.
1464 2046 1632 2106 quart.
1657 2042 1790 2090 Exc.
1811 2041 2162 2090 Lucens.-÷12
2181 2038 2305 2104 finis
2321 2050 2418 2103 pro

199 2104 334 2170 fixus
365 2106 496 2155 Vat.
536 2106 830 2170 quint—13
864 2107 1193 2171 require-Vnt.
1229 2107 1459 2170 pr.·Pal.
1501 2106 1650 2156 Farn.
1689 2106 1835 2155 Prie.
1876 2104 2021 2155 Med.
2062 2103 2186 2164 duo,
2226 2105 2419 2156 Mouet.

215 2168 358 2220 Leid.
382 2185 465 2235 pr.
497 2171 624 2221 Exc.
649 2172 870 2221 Lucens.
892 2173 1100 2236 requires
1120 2173 1242 2222 Vat.
1259 2172 1425 2237 quint.
1459 2171 1708 2220 Heinsius
1729 2171 1950 2234 margini
1973 2170 2150 2234 primae
2177 2169 2420 2218 editionis

209 2249 311 2284 suae
350 2235 694 2303 ascripserat,

719 2237 766 2296 f.
809 2239 1166 2301 requiras—15
1203 2242 1387 2286 retenta
1433 2236 1579 2286 Med.
1625 2240 1929 2300 quarte—16
1961 2238 2126 2297 vigent
2175 2235 2418 2284 Plaut.--

216 2304 273 2350 17
296 2302 531 2351 'contiuuo
570 2300 641 2352 id.
665 2302 910 2365 signati«
929 2303 1072 2353 Med.
1109 2317 1189 2365 pr.
1209 2310 1265 2351 et
1307 2302 1422 2351 Pal.
1445 2302 1536 2366 qui
1570 2316 1665 2366 pro
1700 2306 1907 2350 tenorem
1939 2301 2153 2349 exbibet
2190 2304 2419 2363 nepotari.

134 2418 137 2421 .
212 2370 338 2416 —18
372 2366 626 2417 Heinsius
664 2369 965 2432 conjecerat
992 2373 1159 2440 tentet.
1197 2383 1276 2417 ore
1309 2367 1447 2419 Prie.
1486 2374 1538 2416 et
1577 2368 1644 2416 al.
1675 2371 1864 2416 musto
1901 2365 2047 2415 Leid.
2091 2379 2123 2413 a
2160 2381 2228 2415 m.
2270 2379 2419 2429 pr.—

1217 2482 1429 2534 NOTAE

228 2613 235 2648 2
280 2604 343 2650 10
377 2600 612 2649 Cursibus
625 2601 798 2650 addere
819 2599 1004 2663 nomen]
1038 2600 1124 2649 Sol
1147 2598 1277 2651 facit

215 2691 390 2739 annos,
408 2676 662 2726 Consules
685 2676 879 2727 dabant
898 2664 1026 2742 ipsis
1041 2678 1276 2738 nomina;

218 2768 305 2803 seu
346 2755 524 2818 potius
561 2756 683 2804 anni
735 2754 1141 2805 numerabantur
1185 2770 1280 2818 per

217 2830 466 2882 Consules
492 2837 651 2899 atque
674 2831 1087 2885 nominabantur.
1118 2832 1280 2881 Dice-

214 2905 366 2958 batur
401 2907 600 2972 quippe
637 2909 736 2959 boc
791 2924 945 2973 anno,
982 2908 1190 2959 Probino
1231 2914 1281 2959 et

222 2982 413 3047 Olybrio
439 2984 734 3035 Consulibus.
1162 2981 1166 2986 ’

230 3101 235 3108 .
280 3064 341 3109 12
378 3061 535 3110 Fixus
554 3062 721 3125 honos]
748 3061 983 3113 Honores
1008 3065 1151 3114 velut
1172 3062 1278 3114 fato

194 3155 197 3156 ⁷
220 3134 304 3185 fixi
327 3146 380 3186 et
400 3138 637 3203 stabiles,
658 3139 837 3189 ordine
861 3155 960 3189 non
984 3141 1278 3206 interrupto

217 3220 484 3264 transeunt
524 3214 590 3264 ad
621 3230 807 3265 ‚omnes
848 3224 1097 3280 cognatos
1126 3218 1285 3283 hujus.

111 3348 137 3367 ,ὁ
218 3292 400 3354 gentis.
469 3292 630 3342 'Fixus
659 3293 908 3356 procedit.-
949 3308 1162 3344 acumen
1199 3303 1280 3345 est

215 3368 266 3416 in
283 3369 466 3429 verbo,
488 3370 630 3434 quod
648 3370 851 3420 scilicet
868 3379 923 3421 et
937 3372 1191 3434 procedat
1211 3371 1278 3422 ad

152 3507 160 3512 .
216 3455 481 3508 cognatos,
499 3454 557 3495 et
575 3446 707 3497 fixus
731 3454 997 3497 remaneat
1013 3448 1064 3498 in
1086 3446 1283 3500 ffimilia

215 3530 565 3585 cognatorum.

277 3605 336 3649 15
371 3600 571 3665 Fasces]
605 3602 795 3652 Fasces
817 3602 1094 3653 duodenia
1132 3604 1280 3655 licto·

215 3677 348 3726 ribus
368 3670 681 3730 ferebantur
703 3686 825 3730 ante
850 3681 1114 3745 Consules,
1133 3682 1280 3732 velut

215 3752 429 3818 insignia
449 3755 793 3806 Consulatus:
830 3750 1042 3805 undeet
1056 3758 1149 3817 pr'o
1168 3758 1280 3822 ipso

216 3831 496 3898 Consulatu
519 3840 813 3899 sumuntur,
849 3834 1050 3898 siguum
1095 3849 1189 3899 pro
1221 3848 1280 3884 re

216 3908 430 3974 signata.
954 3965 957 3968 ,

280 3986 557 4056 Semperque
590 3993 761 4038 renata
814 3987 1061 4044 nobilitate
1099 3985 1280 4050 virent]

216 4066 405 4115 Iisdem
455 4067 738 4117 Consulum
791 4066 953 4116 titulis
993 4064 1278 4115 identidem

218 4143 569 4204 redeuntibus,
608 4158 671 4192 ac
697 4141 842 4192 velut
872 4140 1280 4203 renascentibus,

217 4228 372 4276 milvus
424 4222 638 4285 quidam
690 4219 978 4283 nobilitatis
1033 4218 1282 4289 splendor

1358 2599 1479 2649 dam
1512 2613 1683 2648 ramus
1731 2597 1957 2661 additur,
2001 2603 2161 2661 atque
2215 2595 2423 2645 indies

1358 2678 1647 2729 revirescit.
1715 2678 1862 2727 Et're
1885 2677 2002 2741 ipsa
2027 2675 2092 2725 ab
2115 2675 2262 2724 initio
2281 2676 2421 2738 prin-

1359 2759 1568 2822 cipatus
1607 2753 1935 2807 Constantini
1975 2756 2172 2819 Magni,
2187 2755 2420 2803 ‘multum

1361 2834 1587 2886 effloruit
1622 2834 1814 2899 familia
1850 2834 2162 2894 Proborum,
2205 2847 2271 2882 ex
2316 2844 2423 2897 qua

1361 2912 1464 2961 orti
1484 2918 1603 2961 sunt
1623 2911 1884 2960 Probinus
1904 2917 1958 2959 et
1978 2909 2246 2974 Olybrius.

1426 2994 1489 3039 16
1525 2990 1591 3037 Et
1604 2990 1786 3052 prolem
1795 2989 1911 3049 fata
1925 2986 2201 3051 sequuntur]
2225 2986 2424 3050 Eadem

1359 3065 1566 3132 scilicet
1604 3064 1714 3116 fata
1736 3071 2022 3130 sequuntur
2058 3064 2291 3127 prole1n3
2328 3063 2424 3112 boc

1359 3141 1460 3204 est,
1482 3138 1764 3191 Annior'um
1785 3141 1982 3206 posteri
2017 3139 2212 3189 habent
2238 3139 2423 3189 eadem

1358 3218 1488 3280 fata,
1510 3218 1729 3269 eandem
1751 3217 2078 3268 felicitatem.

1425 3301 1488 3346 18
1526 3293 1801 3357 Procerum]
1858 3295 2110 3343 Proceres
2154 3299 2275 3342 suut
2317 3297 2423 3341 tra-

1359 3373 1500 3423 bium
1540 3373 1714 3437 capita
1750 3373 1802 3422 iu
1846 3371 2079 3421 aedificiis
2111 3370 2422 3419 eminentia:

1359 3451 1481 3501 inde
1503 3452 1576 3500 sic
1600 3450 1847 3515 appellati
1870 3450 2143 3512 Principes
2166 3446 2419 3510 civitatis,

1357 3528 1496 3595 quod
1520 3531 1782 3578 emineant
1804 3529 1857 3577 in
1875 3528 2108 3577 civitate.

1422 3609 1543 3656 AEre
1564 3611 1745 3655 retecto
1772 3602 1977 3670 floreat]
2014 3600 2256 3665 Antiquis
2300 3600 2424 3649 lma-

1360 3683 1564 3747 ginibus
1603 3681 1782 3731 aereis:
1833 3677 2239 3748 namimagines
2269 3676 2424 3741 ‘apud

1358 3753 1595 3824 antiquos
1638 3757 1835 3807 fiebant
1850 3771 1915 3806 ex
1950 3770 2092 3818 cera,
2116 3754 2208 3804 sed
2230 3754 2426 3805 fiebant

1332 3832 1517 3898 ¹eti'am
1540 3851 1606 3885 ex
1646 3839 1765 3886 aere‘.
1807 3829 2059 3884 'Statiusz
2095 3835 2111 3864 ⁴
2132 3832 2269 3884 Quid
2292 3830 2426 3881 refe-

1360 3925 1472 3963 ram
1514 3919 1717 3963 veteres
1751 3927 1955 3962 cer-«eve
1981 3911 2166 3961 aerisve
2187 3909 2378 3974 figuras
2403 3909 2424 3958 ?

1358 3990 1414 4039 Si
1470 3989 1593 4055 quid
1643 3989 1866 4053 Apeuaei
1911 3988 2140 4052 gaudent
2178 3986 2424 4035 animasse

1361 4066 1610 4117 colores?
1647 4068 1714 4116 Et
1750 4067 2051 4117 Juvenalis:
2086 4066 2250 4113 ‘Tota
2283 4063 2430 4112 ‘licet

1360 4150 1565 4194 veteres
1620 4150 1874 4193 exornent
1927 4142 2153 4206 undique
2196 4154 2330 4191 cerae
2352 4138 2426 4190 A·

1360 4219 1502 4285 tria,’
1536 4220 1589 4271 id
1613 4226 1715 4285 est,
1738 4233 1909 4274 cereae
1932 4218 2196 4287 imagines.

217 4298 496 4349 renascitur
533 4305 697 4367 atque
734 4296 940 4351 elucet:
977 4310 1141 4350 novus
1174 4294 1282 4367 qui-
1376 4323 1379 4324 ν
