2925 4928
448 365 581 435 &m
1091 392 1126 427 .·
1161 383 1280 432 cr..
1322 383 1753 434 acaunum
1804 387 1946 436 xx.

537 530 851 597 Induerat
875 528 1162 595 necdum
1188 532 1491 615 trabeas3
1535 534 1826 616 mugitus
1858 537 1953 599 ab.
1977 536 2116 600 alto

449 633 816 700 Redditus:
863 633 1157 698 infernas
1187 635 1412 699 rabies
1443 655 1686 701 arcana
1716 658 2036 703 cavernas
2569 628 2655 727 25

446 736 705 815 Vibrat,
739 724 817 802 et‘
836 737 1086 803 alterno
1117 739 1479 821 'confligunt
1506 740 1796 807 culmina
1821 740 2050 824 lapsu.
2152 760 2155 765 ⁴
2626 738 2633 751 ‘

447 841 836 905 Bacchatus
867 860 989 924 per
1016 847 1255 924 operta
1281 848 1520 906 tremor
1547 842 1977 908 Chalcedona
2006 843 2243 923 movit,

446 941 712 1008 Pronus
744 950 813 1009 et
841 947 911 1010 in
941 948 1241 1029 geminas
1267 947 1530 1013 nutavit
1560 946 1906 1031 Bosporus
1936 949 2172 1013 urbes:

448 1045 856 1114 Concurrere
886 1049 1041 1113 freti
1069 1050 1333 1120 fauces:
1379 1051 1610 1115 radice
1640 1053 1930 1127 revulsa,
2636 1104 2641 1105 ff

442 1148 687 1215 Vitant
713 1152 1096 1217 instabilem
1125 1173 1353 1218 rursus
1386 1153 1846 1238 Symplegada
1869 1161 2122 1220 nautae.
2474 1217 2480 1223 .
2571 1150 2656 1218 30

448 1253 726 1319 Scilicet
749 1255 897 1320 haec
928 1256 1182 1340 Stygiae
1212 1257 1632 1340 praemittunt
1659 1258 1852 1341 signa
1881 1276 2164 1335 sororeS,

447 1355 537 1421 Et
566 1357 697 1421 sibi
716 1358 861 1442 jam
890 1358 1064 1424 tradi
1094 1361 1396 1443 populos
1426 1361 1558 1426 hoc
1591 1360 1889 1438 Consule
1918 1360 2226 1445 gaudent.
2280 1410 2285 1415 .

443 1526 726 1589 Eutropius
757 1533 987 1577 sumserat
1022 1533 1195 1578 restem
1230 1531 1576 1593 consularem,
1613 1547 1721 1580 cum
1760 1530 1926 1580 boatus
1961 1528 2154 1579 auditus
2188 1532 2271 1576 est
2307 1543 2339 1575 a
2373 1527 2533 1576 Coelo:
2581 1525 2657 1576 ira

441 1596 621 1640 secreta
655 1593 862 1641 concutit
894 1597 1034 1641 antra
1066 1593 1260 1658 Stygia,
1298 1601 1344 1645 et
1377 1601 1555 1645 montes
1573 1593 1857 1646 concurrunt
1887 1609 1996 1644 casu
2028 1595 2224 1642 alterno.
2292 1592 2458 1642 Motus
2482 1591 2659 1652 furens

438 1671 530 1720 per
548 1659 727 1706 occulta
748 1658 861 1706 loca
885 1666 1041 1707 terrae
1063 1660 1301 1722 quassavit
1326 1661 1678 1723 chalcedonem,
1698 1667 1745 1710 et
1774 1661 2008 1724 Bosporus
2025 1662 2278 1707 commotus
2300 1662 2371 1706 est
2387 1659 2515 1705 inter
2538 1659 2657 1704 duas

443 1721 600 1770 urbes.
665 1722 1052 1784 Angustiaesreti
1069 1726 1413 1789 conflixerunt.-
1444 1731 1603 1775 nautae
1631 1725 1868 1790 effugium
1891 1725 2066 1774 iterum
2089 1723 2423 1787 Symplegades
2445 1721 2656 1782 mobiles,

437 1786 763 1850 fundamentis
782 1789 976 1838 avulsis.
1043 1788 1289 1840 Nimirum
1317 1805 1498 1842 sorores
1530 1792 1731 1854 infernae
1764 1793 1992 1857 spondent
2028 1790 2145 1849 haec,
2185 1793 2232 1837 et
2257 1788 2365 1848 jam
2405 1789 2655 1848 loetantur,

1374 1923 1550 1943 Νθθθθ
1556 1923 1731 1943 ‘6000‘

445 2007 576 2052 —24
610 2002 872 2053 Induerant
905 2004 1032 2055 Put.
1069 2006 1201 2056 Bon.
1225 2006 1347 2056 Pat.
1374 2007 1548 2057 Oxou.
1574 2022 1676 2057 sec.
1728 2009 1932 2056 nondum
1964 2006 2066 2055 duo
2088 2005 2236 2054 Vatt.
2272 2002 2420 2053 Rott.
2464 2001 2654 2053 Petav.

446 2082 526 2130 pr.
559 2068 747 2118 trabeas
761 2072 956 2119 necdum
980 2071 1095 2119 Pal.
1119 2072 1265 2121 Med.
1292 2088 1370 2136 pr.
1406 2073 1464 2121 ab
1487 2075 1584 2122 alto
1609 2079 1715 2121 vet.
1739 2072 1871 2136 Gyr.
1892 2071 1975 2121 ed.
1999 2072 2174 2120 Parm.
2197 2076 2254 2118 et
2275 2069 2455 2117 Vicet.
2487 2066 2548 2114 ab
2563 2076 2654 2114 axe

446 2146 622 2182 omnes
650 2135 795 2183 Vatt.
822 2135 932 2184 Pal.
960 2135 1112 2184 Farn.
1143 2137 1286 2187 Prie.
1310 2139 1442 2187 Exc.
1469 2137 1622 2199 Laeti,
1658 2140 1878 2187 Luceus.
1902 2152 1979 2201 pr.
2001 2136 2129 2186 item
2150 2136 2272 2184 Var.
2307 2133 2412 2183 LL.
2433 2146 2465 2181 e
2487 2144 2654 2194 marg.

443 2196 622 2248 Parm.
675 2214 767 2247 axe
788 2199 870 2247 vel
892 2200 987 2248 alto
1009 2201 1261 2252 Pau—25
1300 2203 1542 2252 Redditur
1563 2202 1685 2252 Pat.
1703 2218 1773 2252 m.
1798 2218 1874 2266 pr.
1899 2201 2082 2251 Ambr.
2117 2206 2241 2250 tert.
2297 2197 2511 2258 infernas
2536 2197 2654 2246 Vnt.

445 2274 528 2324 pr.
563 2263 929 2319 Put.⁷B0non.
970 2264 1072 2313 duo
1113 2264 1295 2316 Ambr.
1338 2268 1512 2318 Oxou.
1553 2282 1659 2317 sec.
1697 2283 1767 2317 m.
1791 2283 1871 2330 pr.
1902 2267 2027 2317 Var.
2063 2267 2169 2315 LL.
2207 2279 2238 2313 e
2272 2278 2441 2326 marg.
2477 2261 2652 2337 l’arm.

442 2327 629 2376 Sched.
653 2327 792 2377 Gud.
825 2328 1013 2389 inferno
1035 2336 1255 2395 quatuor
1273 2332 1423 2384 Vatt.
1447 2332 1565 2383 Pal.
1586 2333 1742 2382 Farn.
1764 2333 1908 2382 Prie.
1933 2333 2084 2381 Rott.
2110 2332 2239 2380 Exc.
2263 2328 2418 2377 Laeti.
2446 2325 2655 2385 -mserno

442 2393 530 2441 vel
546 2392 761 2452 infernas
780 2394 906 2444 Lov.
957 2393 1192 2455 Inferiore
1212 2396 1340 2446 venit
1350 2395 1528 2458 fragor
1545 2413 1688 2446 auras
1717 2398 1798 2446 ille
1818 2412 2042 2462 supernas
2059 2397 2259 2445 Mazar.
2309 2392 2468 2443 rabies
2491 2392 2659 2441 audita

442 2457 594 2508 Med.
616 2474 720 2509 sec.
751 2459 964 2509 cavernis
985 2460 1133 2512 Med.
1156 2467 1283 2512 tert.
1334 2479 1547 2512 cavernoe
1570 2463 1652 2513 ed.
1672 2463 1980 2514 vicen—26
2011 2462 2338 2522 coustringunt
2361 2457 2551 2508 Ambr.
2576 2472 2656 2520 pr.

442 2523 631 2574 Sched.
655 2524 795 2574 Gud.
852 2531 1138 2588 consurgunt
1159 2527 1303 2577 Med.
1327 2535 1502 2592 quart.
1523 2529 1720 2577 Mazar.
1753 2552 1757 2557 -
1780 2529 1834 2577 in
1856 2527 2004 2580 Med.
2030 2534 2154 2576 tert.
2171 2526 2257 2578 hic
2280 2538 2462 2573 versus
2488 2522 2657 2572 deest.

442 2592 574 2638 -27
609 2590 883 2641 Bacchatur
904 2593 980 2640 Re
1020 2626 1034 2641 .
1075 2591 1247 2642 Oxou.
1287 2608 1365 2657 pr.
1404 2593 1596 2643 Petav.
1641 2608 1718 2658 pr.
1773 2598 1939 2655 operta
1960 2592 2084 2641 Vat.
2126 2591 2288 2655 quint.
2338 2603 2487 2651 opaca
2508 2587 2655 2637 Rott.

443 2653 593 2703 Med.
620 2669 721 2704 sec.
754 2656 956 2708 Tholas.
1029 2656 1159 2705 mbr.
1191 2672 1269 2722 pr.
1323 2662 1489 2721 operta
1511 2660 1596 2709 vel
1617 2674 1761 2721 opaca
1797 2659 1985 2708 Petav.
2018 2664 2142 2708 tert.
2188 2653 2333 2703 movit
2353 2651 2551 2703 Moret.
2575 2665 2655 2727 ρι·.

442 2723 575 2769 ——28
611 2719 838 2769 Protinus
876 2726 922 2770 et
954 2722 1171 2783 geminas
1192 2722 1335 2776 Prie.
1392 2724 1581 2776 nutavit
1613 2724 1813 2776 Moret.
1853 2738 1933 2785 ρι·.
1974 2724 2101 2772 Lov.
2139 2719 2263 2771 Ald.
2302 2718 2386 2769 ed.
2420 2718 2657 2767 Plantm.

443 2784 633 2834 nutabit
655 2786 779 2834 vat.
803 2801 882 2850 pr.
905 2786 1070 2835 Oisel.
1117 2786 1320 2837 mutabit
1344 2788 1469 2839 Jun.
1492 2803 1570 2852 pr.
1621 2789 1826 2838 mutavit
1850 2788 1971 2838 vat.
1998 2794 2121 2837 tert.
2155 2787 2311 2834 Farn.
2336 2784 2481 2833 Prie.
2511 2777 2656 2834 Med.

445 2857 613 2912 quart.
653 2850 772 2899 Put.
814 2851 1016 2902 Bonan.
1055 2851 1177 2902 Pat.
1198 2854 1403 2903 Thalos.
1439 2854 1623 2906 Oxou.
1665 2868 1767 2903 sec.
1821 2852 2052 2914 Bosforus
2077 2852 2197 2901 Var.
2221 2851 2330 2899 LL.
2367 2849 2452 2900 ed.
2493 2846 2653 2900 Autv·

441 2914 579 2964 urbes
599 2915 721 2963 Put.
744 2916 930 2965 Petav.
953 2931 1034 2980 ρι’.
1068 2919 1220 2967 undas
1243 2919 1324 2967 vel
1347 2917 1486 2968 urbes
1502 2919 1631 2982 Reg.
1650 2918 1828 2968 Oxou.
1853 2922 2061 2982 pr.—-29
2087 2918 2343 2965 Occurrere
2365 2913 2481 2962 Pal.
2504 2914 2653 2962 Farn-

442 2979 569 3029 Var.
593 2980 698 3030 LL.
720 2993 750 3028 e
773 2995 935 3044 marg.
970 2983 1142 3031 Parm.
1182 2980 1366 3042 fauces.
1402 2998 1523 3033 cum
1545 2982 1708 3048 τελείᾳ
1728 2985 1907 3048 στιγμῇ
1931 2982 2074 3032 Med.
2101 2997 2204 3032 sec.
2227 2982 2413 3029 PetaV.
2438 2992 2521 3041 pr.
2570 2977 2655 3026 lel-

443 3044 547 3092 lure
588 3045 720 3107 Reg.
770 3046 930 3094 radice
957 3046 1036 3094 vel
1056 3048 1222 3096 tellure
1242 3048 1346 3097 duo
1370 3047 1677 3099 Oxon.—--30
1716 3049 1921 3098 Vincant
1942 3047 2088 3097 Med.
2125 3051 2248 3096 tert.
2311 3058 2475 3102 rursus
2497 3043 2652 3093 Farn-

443 3122 634 3157 rursum
655 3110 887 3160 Florent.
913 3110 1107 3161 Maznr.
1134 3111 1312 3162 Ambr.
1334 3129 1416 3177 pr.
1448 3115 1570 3164 Vat.
1610 3114 1779 3163 Livin.
1817 3128 1981 3161 rursus
2007 3114 2092 3161 vel
2123 3125 2310 3161 rursum
2331 3110 2462 3173 Reg.
2521 3107 2655 3182 Sym-

438 3174 643 3236 plegade
685 3175 928 3225 Pale-81
963 3176 1064 3225 haec
1099 3175 1287 3242 Stygia·
1328 3180 1450 3229 Vat.
1493 3193 1574 3241 pr.
1620 3178 1723 3228 duo
1765 3178 1947 3229 Ambr.
1986 3177 2110 3227 Vat.
2149 3175 2315 3226 Livin.
2370 3180 2418 3223 et
2463 3172 2652 3236 Stygia

447 3237 550 3287 duo
582 3239 767 3289 Leidd.
799 3246 858 3290 et
894 3240 1117 3293 maxima
1138 3257 1261 3307 pars
1284 3242 1448 3299 codd.
1483 3245 1614 3294 Exc.
1652 3244 1810 3307 Laeti,
1843 3244 2058 3293 Gevart.
2097 3249 2153 3291 et
2191 3241 2414 3292 Lucens.
2452 3254 2531 3301 pr.
2571 3236 2652 3286 ed.

446 3303 620 3354 Vicet.
661 3305 784 3355 Ald.
823 3306 949 3356 Var.
972 3306 1074 3355 LL.
1113 3321 1143 3355 e
1183 3323 1343 3372 marg.
1387 3316 1445 3358 et
1488 3308 1575 3359 ed.
1621 3307 1782 3359 Antv.
1818 3309 1919 3359 haec
1952 3309 2035 3360 vel
2069 3310 2119 3357 et
2167 3307 2299 3368 Reg.
2345 3306 2485 3374 sigua
2524 3304 2650 3351 Exc.

450 3369 605 3420 Laeti.
643 3371 741 3435 fila
763 3371 908 3421 Rott.
961 3370 1128 3436 Styga
1153 3371 1351 3431 furores
1384 3374 1472 3423 vel
1510 3374 1699 3439 Stygiae
1734 3388 1915 3425 sorores
1949 3373 2223 3423 Pric.—32
2257 3369 2351 3419 Sed
2370 3368 2464 3418 sibi
2499 3367 2650 3418 Farn-

445 3433 568 3485 Pat.
587 3434 694 3497 jam
715 3435 844 3486 tradi
869 3437 1016 3490 Rott.
1039 3439 1166 3489 Exc.
1187 3439 1321 3488 Laeti
1346 3446 1402 3490 et
1434 3440 1659 3489 Lucens.
1684 3454 1765 3503 pr.
1799 3453 1911 3489 mox
1932 3438 2071 3488 tradi
2084 3437 2165 3487 ed.
2186 3434 2363 3485 Vlcet.
2397 3435 2524 3484 Var.
2546 3431 2652 3486 u..

1436 3611 1654 3662 NOTAE

510 3729 578 3775 26
610 3725 833 3789 Auerno]
870 3725 1102 3789 Montes,
1140 3726 1193 3776 in
1230 3740 1345 3777 sese
1381 3725 1512 3776 invi·
1590 3724 2089 3798 Constantinopolis,
2105 3722 2379 3787 elegerint.
2447 3720 2552 3772 Hic
2575 3733 2656 3771 ce-

448 3817 561 3854 cem
582 3804 851 3866 cadentes,
886 3802 1173 3868 confligunt
1193 3805 1511 3868 alternatim,
1588 3803 1847 3855 lebratum
1887 3810 1972 3855 est
2005 3800 2334 3852 ‘Concilium
2370 3798 2654 3850 Chalcedo-

447 3886 624 3931 mutuo
641 3881 730 3931 illo
750 3894 893 3930 casu.
1586 3878 1767 3948 nium?

514 3961 579 4006 27
616 3957 930 4022 Chalcedona]
986 3956 1184 4009 Urbem
1228 3974 1259 4008 e
1299 3957 1512 4023 regione
1654 3963 1721 4010 28
1755 3956 1993 4021 Nutacit]
2025 3957 2291 4021 Bosporus
2328 3952 2475 4018 quasi
2508 3949 2659 4006 dubi·

449 4032 940 4097 Constantinopolis,
1004 4040 1149 4083 trans
1215 4035 1510 4099 Bosporum
1591 4036 1748 4098 tavit,
1771 4035 1856 4086 cui
1878 4050 1936 4085 se
1959 4034 2076 4084 urbi
2107 4031 2394 4093 addiceret,
2433 4044 2500 4079 an
2523 4030 2652 4081 eon.

445 4111 738 4162 Thracium.
790 4110 959 4179 ‚Hanc
974 4098 1314 4175 Megarenses
1333 4110 1512 4160 condi·
1593 4111 1950 4174 stantinopoli,
1972 4125 2038 4159 nn
2062 4107 2397 4161 chalcedoni.

449 4192 593 4257 dere,
631 4190 867 4255 caecique
901 4189 1031 4241 dicti
1068 4195 1208 4254 sunt,
1244 4188 1381 4255 qnod
1406 4203 1512 4238 non
1655 4191 1720 4239 30
1754 4184 2094 4253 Symplegada]
2122 4184 2246 4237 vid.
2278 4183 2370 4236 lib.
2407 4182 2478 4233 de
2512 4180 2647 4254 belle

443 4269 623 4337 potius
657 4267 953 4335 oppositum
990 4268 1159 4336 littus,
1202 4267 1256 4317 in
1292 4280 1395 4333 quo
1429 4267 1515 4317 est
1588 4264 1782 4340 Getico
1802 4279 1879 4317 vs.
1897 4268 1949 4315 9.
1996 4287 1997 4290 ¹
2568 4295 2577 4300 -
