2925 4928
884 474 980 522 DE
1031 472 1270 521 BELLO
1317 471 1759 522 GILDonO.

237 620 332 686 Ut
361 619 653 699 famulae,
683 620 982 704 praebere
1013 620 1240 684 eibos:
1284 619 1621 704 vitamque
1651 619 2025 706 famemque

235 724 466 793 Librat
493 724 844 790 barbarico
872 725 1076 802 fastu,
1106 723 1422 806 vulgique
1450 723 1751 806 superbit

236 826 555 906 Fletibus,
583 833 651 891 et
677 834 883 892 tantae
914 827 1260 911 suspendit
1296 825 1435 891 fata
1461 828 1699 892 ruinae.

236 928 606 994 Romuleas
635 925 871 995 venditx
893 935 1176 1013 segeteS,
1208 936 1276 995 et
1301 920 1608 1013 possidet
1634 949 1796 995 arva

2349 933 2437 1000 75

234 1027 640 1098 Vulneribus
667 1035 951 1118 quaesita
977 1035 1168 1099 meis,
1257 1033 1510 1098 Ideone
1540 1037 1641 1098 tot
1667 1053 1874 1098 annos

217 1133 490 1200 -Flebile
521 1156 674 1214 cum
708 1137 962 1201 tumida
983 1137 1231 1200 bellum
1260 1135 1659 1220 Carthagine
1690 1138 1868 1221 gessi
1888 1139 1918 1200 ‘i

234 1235 505 1303 Idcirco
534 1239 750 1303 voluit
778 1243 1103 1304 contemta
1130 1240 1281 1304 luce
1307 1240 1578 1304 reverti.
1927 1291 1930 1296 ,

233 1337 591 1422 Regulus?
638 1341 785 1405 haec
814 1341 1097 1420 damniS,
1129 1341 1408 1424 genitor,
1438 1341 1904 1408 Cannensibus
1932 1342 2113 1408 emi?

233 1442 591 1507 Incassum
617 1445 819 1508 toties
852 1444 1035 1509 lituis
1063 1445 1410 1509 navalibus
1438 1447 1605 1510 arsit

2349 1448 2438 1516 80

231 1646 278 1691 et
297 1642 498 1691 laetatur
517 1642 793 1693 ministrare
813 1643 1038 1694 alimenta
1057 1645 1336 1709 quotidiana
1357 1645 1476 1695 milii
1497 1647 1676 1696 Romae
1712 1645 1836 1696 sicut
1872 1646 2086 1703 ancilloe3
2117 1651 2165 1695 et
2192 1647 2445 1697 ambitione

234 1705 434 1757 barbara
454 1707 723 1757 trutinatur
742 1711 889 1758 vitam
908 1714 955 1758 et
965 1708 1147 1769 samem
1166 1726 1350 1773 meam,
1369 1727 1423 1760 ac
1445 1711 1679 1772 turgescit
1698 1711 1920 1776 lacrymis
1935 1712 2263 1775 papali,atqae
2275 1712 2444 1777 differt

224 1769 334 1831 sata
372 1772 505 1821 tanti
540 1773 703 1822 exitii.
776 1774 949 1823 Vendit
973 1774 1221 1834 framenta
1259 1778 1492 1838 Roman&
1524 1782 1663 1840 atque
1688 1782 1879 1840 occupat
1910 1791 2053 1839 agros
2090 1783 2255 1840 partos
2284 1778 2446 1841 plagis

234 1836 363 1885 meis.
388 1838 472 1885 An
492 1836 669 1886 idcirco
709 1851 807 1900 per
835 1844 907 1888 tot
943 1855 1089 1889 annos
1112 1840 1217 1900 feci
1254 1841 1422 1891 benum
1442 1842 1747 1905 lacrymabile
1767 1857 1873 1891 cam
1898 1842 2192 1904 Carthagine
2209 1843 2403 1906 superba
2419 1839 2446 1891 :²

237 1900 317 1949 An
338 1902 448 1950 ideo
473 1902 686 1965 Regulus
705 1904 887 1966 optavit
902 1907 1076 1966 redire,
1098 1907 1199 1954 vita
1220 1904 1418 1970 spreta?
1434 1906 1563 1962 ‚Hoc
1579 1907 1823 1971 acquisivi,
1845 1922 1876 1956 o
1899 1908 2050 1956 Pater
2063 1907 2293 1971 Jupiter,
2313 1909 2444 1956 clade

239 1966 473 2016 Cannensi
485 1964 512 2017 :²
578 1968 662 2017 An
682 1983 810 2018 mare
829 1968 1041 2020 Siculum
1062 1975 1111 2021 et
1134 1971 1404 2036 Hispanum
1437 1973 1579 2022 toties
1608 1973 1802 2035 smera
1821 1973 2009 2021 incensa
2029 1977 2136 2022 sunt
2157 1973 2283 2022 tubis
2302 1987 2445 2021 nava·

1160 2133 1520 2157 &cneco-totle

235 2243 433 2299 ΊῚιοῙοε.
482 2247 626 2299 Med.
669 2255 907 2301 sem—72
935 2238 1085 2320 ρ’νῖἧ
1120 2267 1216 2316 ριο
1253 2253 1465 2317 prebere
1509 2252 1762 2304 Pan—78
1805 2253 1975 2304 Vibrat
2011 2253 2156 2304 Med.
2193 2254 2444 2302 tert—76

235 2315 424 2377 ideoque
448 2314 652 2365 Mazar.
689 2331 836 2366 annos
869 2329 1090 2382 quatuor
1111 2319 1254 2367 Vatt.
1297 2319 1409 2368 Pal.
1449 2319 1589 2369 Prie.
1627 2319 1780 2368 Rott.
1821 2318 1985 2369 Oisel.
2018 2318 2156 2370 annis
2176 2319 2295 2367 Vat.
2339 2330 2443 2366 sec.

234 2379 387 2428 Fam.
430 2378 606 2433 Oxou.
644 2394 725 2443 pr.
764 2382 960 2437 Moret.
1000 2401 1102 2436 sec.
1147 2382 1326 2433 Ambr.
1362 2389 1485 2435 tert.
1512 2384 1637 2433 Lov.
1661 2399 1728 2433 m.
1770 2398 1850 2447 pr.
1887 2400 2031 2434 annos
2055 2384 2136 2434 vel
2158 2384 2294 2433 annis
2316 2383 2447 2445 Reg.

234 2448 360 2494 —77
394 2444 573 2495 timida
610 2448 733 2497 Vat.
778 2462 860 2512 pr.
901 2451 1035 2517 Reg.
1067 2452 1256 2501 Petav.
1297 2463 1402 2500 sec.
1444 2449 1572 2513 gessi
1609 2450 1728 2500 Cart

236 2514 363 2560 -78
396 2517 636 2562 contemta
673 2513 797 2565 Vet.
821 2514 953 2581 Gyr.
991 2520 1115 2569 Vat.
1145 2515 1313 2565 Livin.
1356 2515 1479 2565 Put.
1504 2517 1629 2576 Reg.
1652 2515 1855 2566 Thuan.
1879 2517 2076 2565 Mazar.
2104 2517 2227 2564 Lov.
2253 2515 2449 2563 Moret.

238 2590 338 2625 sec.
363 2581 475 2626 tres
499 2577 682 2628 Ambr.
721 2579 853 2629 Exc-
879 2583 1095 2633 Gevart.
1130 2585 1351 2630 contenta
1370 2581 1543 2630 Vicet.
1581 2579 1703 2630 Ald.
1744 2581 1919 2629 Parm.
1960 2587 2017 2630 et
2054 2580 2173 2629 edd.
2213 2578 2447 2643 plurimae

234 2645 496 2704 contempta
550 2642 671 2694 Pat.
724 2645 931 2697 Tholos.
987 2647 1173 2698 Sched.
1231 2645 1504 2696 (ἱρὰ-79
1559 2645 1644 2694 hoc
1679 2645 1804 2694 Put.
1844 2647 1973 2709 Reg.
2013 2646 2210 2693 Thuan.
2250 2644 2451 2693 Mazar-

273 2713 463 2756 uatuor
487 2707 752 2758 Med.duo
790 2710 975 2762 Heius.
1018 2714 1145 2762 Lov-
1192 2712 1313 2761 Pat.
1356 2711 1554 2760 Mor-et.
1600 2725 1678 2774 pr.
1724 2718 1830 2759 tres
1874 2709 2056 2760 Ambr.
2081 2711 2206 2760 Var.
2229 2708 2334 2758 LI..
2359 2706 2447 2757 ed.

282 2772 517 2821 ntvdtoec
541 2773 710 2824 vicet.
751 2774 929 2827 Parm.
964 2778 1113 2829 Junt.
1155 2784 1211 2826 et
1251 2777 1317 2824 al.
1360 2776 1555 2836 genitor
1592 2777 1780 2825 damnis
1821 2775 1967 2824 Med.
1991 2782 2115 2825 tert.
2138 2774 2298 2823 damni
2334 2772 2448 2823 Pal.

235 2835 381 2885 Med.
406 2851 486 2900 pr.
509 2837 610 2886 hoec
643 2841 826 2889 damnis
846 2844 1032 2894 Petav.
1070 2858 1149 2906 pr.
1166 2887 1172 2894 ,
1190 2842 1283 2891 emi
1303 2841 1423 2890 Vat.
1448 2855 1531 2904 pr.
1575 2848 1631 2890 et
1673 2848 1795 2890 tert.
1820 2839 1962 2890 Pric.
1986 2840 2149 2890 Oisel.
2187 2839 2302 2888 Pat.
2325 2838 2450 2887 Put.

235 2913 301 2950 m.
344 2915 450 2951 sec.
482 2902 899 2957 -Florent..Med.
941 2924 1049 2958 sec.
1083 2909 1186 2957 inc.
1211 2906 1396 2956 Heius.
1417 2905 1542 2956 Ald.
1583 2907 1698 2956 emit
1721 2905 1865 2955 Med.
1906 2920 1987 2969 pr.
2010 2906 2208 2954 Thuan.
2231 2905 2334 2966 egit
2356 2902 2449 2953 lib.

235 2964 417 3017 Barth.
439 2967 522 3028 egi
544 2975 652 3018 tres
672 2972 819 3022 Vatt.
841 2975 997 3023 Farn.
1021 2973 1126 3022 duo
1145 2972 1290 3022 Med.
1329 2970 1549 3021 totidem
1572 2970 1745 3021 Oxou.
1789 2978 1896 3021 tres
1935 2970 2120 3021 Petav.
2143 2970 2246 3018 duo
2269 2968 2449 3019 Ambr.

238 3029 362 3108 Reg.
410 3030 539 3081 Put.
581 3049 649 3083 m.
692 3050 771 3099 pr.
798 3037 1001 3088 Bonon.
1039 3037 1239 3087 Tholas.
1262 3037 1390 3086 Lov.
1414 3036 1559 3087 Leid.
1600 3051 1681 3101 pr.
1717 3036 1911 3086 Moret.
1934 3051 2039 3085 sec.
2075 3035 2159 3084 ed.
2192 3035 2369 3084 Parm.
2395 3039 2451 3083 et

237 3095 404 3146 vicet.
429 3098 562 3147 Exc.
588 3099 806 3151 Gevart.
829 3104 957 3152 Var.
998 3104 1102 3152 LI..
1141 3101 1227 3151 ed.
1265 3099 1426 3151 Antv.
1465 3102 1545 3163 egi
1579 3103 1664 3151 ve}
1700 3103 1793 3150 emi
1816 3103 1962 3151 Rott.
1987 3102 2164 3150 Ambr.
2210 3102 2450 3149 sem-80

236 3161 392 3210 vacuis
432 3162 579 3213 Med.
624 3170 742 3215 tert.
786 3166 947 3217 Latiis
988 3170 1110 3218 Vat.
1149 3181 1229 3231 pr.
1271 3181 1337 3216 m.
1369 3181 1472 3216 sec.
1516 3167 1661 3216 terris
1698 3165 1814 3216 Pal.
1871 3166 2095 3216 transtris
2137 3163 2451 3229 conjiciebat

1240 3314 1455 3365 NOTAE

300 3442 365 3488 73
398 3438 617 3503 LibmtJ·
651 3441 868 3506 Pendit,
920 3450 1079 3510 atque
1131 3444 1308 3507 librat,
1390 3444 1639 3509 probavit
1660 3459 1763 3494 non
1787 3459 1903 3494 esse
1926 3441 2315 3507 permutandos,
2336 3454 2453 3490 cau-

1732 2450 1906 2513 hagine
1929 2448 2095 2500 bellum
2119 2450 2309 2499 Moret.
2341 2462 2447 2497 see.
2551 2475 2555 2481 -

243 3529 340 3569 non
364 3518 546 3580 vitam,
567 3533 673 3568 non
696 3517 905 3583 famem,
923 3522 1014 3571 sed
1031 3522 1116 3571 vel
1135 3522 1310 3585 ampli-

240 3608 377 3647 orem
419 3610 698 3659 annonam,
719 3599 801 3648 vel
847 3599 1095 3662 pauciora
1131 3612 1309 3661 grana,

243 3684 353 3734 quoe
386 3679 483 3722 ant
529 3674 691 3723 vitam
733 3673 932 3737 fovent,
978 3681 1070 3725 aut
1118 3674 1306 3726 famem

238 3749 488 3821 pariunt:
530 3753 678 3816 quasi
720 3752 953 3804 diceret:
1011 3754 1094 3803 Do
1122 3751 1312 3818 fruges

246 3827 459 3890 amplas,
499 3827 710 3878 vivant:
747 3830 814 3880 do
847 3831 1084 3894 exiguas,
1104 3833 1309 3895 patian-

243 3905 342 3964 tur,
357 3903 610 3955 esuriant.
877 3923 891 3931 ‘

302 3981 366 4028 ⁷4
401 3978 685 4044 Suspendit]
741 3982 840 4032 Vel
883 3982 1062 4034 differt
1109 3985 1308 4034 ruinam

245 4053 441 4119 Romae,
495 4057 644 4120 quasi
700 4065 840 4109 esset
895 4060 948 4107 in
1003 4075 1098 4110 sua
1140 4068 1311 4124 potes·

245 4134 366 4183 tate.
456 4174 463 4177 .

301 4212 367 4259 ⁷9
401 4209 642 4273 Roeulru]
677 4209 869 4262 Atilius
892 4214 1142 4278 Regulus,
1168 4214 1257 4279 qui
1279 4229 1310 4263 a

250 4285 769 4352 Carthaginiensibus
792 4289 977 4339 missus
998 4291 1232 4351 Romam,
1251 4295 1311 4339 ut

252 4371 423 4427 ageret
443 4365 511 4416 de
539 4365 925 4430 permutatione
964 4367 1312 4434 captivorum,

1389 3528 1530 3572 satus
1550 3535 1640 3571 eos
1675 3520 1789 3584 capi
1814 3534 1917 3569 non
1954 3518 2200 3582 potuisse,
2233 3518 2278 3566 si
2302 3530 2456 3581 gene-

1390 3612 1503 3647 rose
1526 3599 1652 3647 mori
1694 3597 2018 3647 voluissent:
2053 3609 2275 3658 moxque
2298 3593 2455 3643 rediit

1389 3675 1778 3738 Carthaginem,
1818 3671 2234 3723 dissuadentibus
2257 3669 2457 3731 amicis,

1390 3769 1494 3803 non
1518 3753 1727 3817 ignarus
1745 3753 1760 3780 ‘
1786 3750 1911 3817 quid
1936 3749 2035 3799 sibi
2076 3746 2329 3797 barbarus
2353 3752 2456 3795 tor·

1389 3836 1472 3879 tor
1495 3827 1740 3893 pararet!

1454 3906 1661 3957 Damnis
1686 3901 2032 3965 Cannensibus]
2069 3899 2228 3951 Vicus
2250 3899 2457 3964 Apuliae

1387 3983 1439 4032 in
1503 3983 1663 4033 Italia
1715 3996 1880 4046 prope
1936 3979 2147 4029 fluvium
2192 3977 2457 4040 Aufidum,

1388 4062 1548 4124 vulgo
1585 4059 1806 4122 quarato,
1844 4058 1934 4108 ubi
1974 4056 2317 4122 quadraginta
2353 4054 2459 4105 Ro-

1391 4151 1657 4187 manorum
1679 4138 1845 4189 millia
1867 4134 1981 4184 fusa
2002 4140 2141 4184 suut.

1430 4266 1433 4267 γ
1455 4219 1522 4264 80
1557 4214 1720 4265 Litais
1740 4210 2005 4274 navalibus]
2034 4209 2194 4260 Tubis
2216 4223 2310 4260 seu
2330 4221 2459 4272 prae-

1393 4292 1825 4346 liis-,navalibusz
1882 4289 2083 4355 signum
2124 4302 2222 4353 pro
2262 4301 2320 4336 re
2358 4286 2459 4349 sig-

1392 4376 1539 4422 nata.
