2925 4928
549 413 648 461 nu
694 412 917 461 NUPT.
964 413 1249 463 eonon.
1299 414 1390 461 m·
1436 411 1628 468 MAR-
1684 414 2018 468 PRAEFAT.
2254 402 2412 469 305²

197 563 356 632 Tum
385 560 707 640 Phoebus,
739 581 877 646 quo
905 579 1076 625 saxa
1098 560 1348 640 domat,
1397 584 1533 647 quo
1562 566 1884 649 pertrahit
1906 586 2125 647 omoS,

275 665 546 730 Pectine
575 665 859 729 tentavit
886 663 1210 728 nobiliore
1240 663 1478 748 lyram.

203 768 676 852 Venturumque
699 768 907 832 sacris
936 765 1181 831 fidibus
1203 766 1350 850 jam
1377 769 1661 852 spondet
1688 768 2023 836 Achillem
2039 776 2066 838 't
2395 784 2406 816 ¹

270 870 311 935 J
318 892 418 936 am
451 871 783 957 Phrygias
812 870 1062 949 caedeS‚
1098 869 1243 955 jam
1272 871 1609 939 Simoenta
1639 876 1835 940 canit.
1953 867 1957 871 ’
2296 877 2409 942 20·

203 974 525 1038 Frondoso
553 974 841 1057 strepuit
862 974 1029 1038 felix
1061 973 1477 1057 Hymenaeus
1501 976 1793 1062 Olympo
1820 1003 1835 1043 τ
2379 963 2382 966 ’

271 1076 594 1163 Reginam
624 1081 935 1141 resonant
965 1075 1215 1159 Othrys
1237 1083 1303 1142 et
1335 1076 1516 1143 Ossa
1545 1080 1806 1145 Thetin.

197 1307 267 1342 nes
279 1292 526 1357 perfectas.
601 1294 733 1344 Tunc
759 1293 928 1358 Apollo
957 1295 1147 1360 impulit
1183 1295 1418 1346 citharam
1449 1298 1629 1361 plectro
1664 1298 1917 1363 diviniore,
1955 1314 2044 1363 quo
2064 1298 2216 1349 mollit
2235 1314 2392 1363 rupes,

195 1374 268 1421 quo
289 1359 436 1408 trahit
470 1359 664 1408 arbores
675 1376 693 1418 ;
727 1361 910 1423 etjam,
932 1361 1064 1426 Lyra
1085 1368 1292 1425 sacrata,
1319 1364 1562 1426 promittit
1580 1364 1813 1415 Achillem
1833 1364 2124 1415 nascituncm
2145 1379 2275 1426 esse,
2282 1366 2389 1426 jam

192 1424 393 1485 proedicit
409 1426 564 1474 clades
592 1426 830 1488 Troianas,
855 1426 964 1487 jam
985 1426 1288 1476 Simoentem.
1358 1428 1549 1492 Hymen
1560 1429 1841 1489 fortunatus
1852 1430 2094 1493 personuit
2108 1445 2202 1495 per
2227 1430 2391 1495 Olym-

190 1504 289 1551 pum
298 1488 627 1549 frondentem.-
666 1490 848 1555 Othrys
868 1496 915 1541 et
936 1492 1057 1541 Ossa
1076 1497 1295 1557 repetunt
1318 1507 1505 1543 nomen
1529 1494 1728 1558 Regina·
1752 1495 1981 1546 noticiis.

1101 1652 1428 1674 θθθθθθθθθ
1434 1654 1464 1673 O

192 1763 323 1864 {³322
345 1747 2388 1884 fflzsszlssiss1tz.t}¹ssxaff²tt‘x,⁸1:³32&Feafflfflssffitfzff‘ssfa‘t

190 1882 316 1929 ducto
341 1879 523 1930 Ambr.
556 1895 636 1943 pr.
679 1884 841 1929 renato
861 1881 947 1929 vel
966 1888 1159 1931 renatus
1179 1885 1262 1934 vel
1290 1890 1479 1934 renatos
1514 1884 1646 1948 Reg.
1690 1885 1861 1935 Oxou.
1894 1889 2103 1949 pr.-·—16
2134 1885 2389 1935 exhaustos

193 1946 404 1997 Florent.
425 1946 552 1994 Var.
578 1946 682 1995 LL.
706 1958 736 1992 e
760 1959 922 2016 marg.
946 1946 1120 1997 Parin.
1154 1956 1210 1997 et
1250 1949 1330 1998 ed.
1367 1948 1529 1999 Antv.
1563 1956 1689 1999 toros
1725 1951 1855 2001 Exc.
1873 1951 2217 2000 (ἤνπερ-17
2258 1950 2388 2000 Tum

189 2010 378 2059 Phoebus
395 2012 518 2060 Vat.
542 2012 709 2073 quint.
728 2009 875 2059 Prie.
900 2011 1045 2063 Rott.
1068 2013 1299 2064 Florent.
1322 2014 1534 2065 Tholos.
1556 2016 1741 2066 Petav.
1781 2031 1861 2081 pr.
1899 2015 2003 2066 duo
2041 2015 2235 2065 Moret.
2273 2022 2383 2065 tres

190 2075 317 2125 Med.
354 2077 473 2125 Cum
500 2076 705 2124 Phoelms
728 2072 907 2123 Ambr.
933 2092 1012 2141 pr.
1031 2079 1159 2127 Exc.
1182 2078 1401 2131 Gevart.
1435 2080 1571 2129 Saxa
1606 2085 1761 2130 movet
1798 2081 1942 2130 Med.
1986 2087 2105 2130 tert.
2145 2080 2387 2145 protrahat

189 2140 294 2190 Vat.
317 2155 420 2191 sec.
440 2142 596 2190 Farn.
623 2142 856 2189 Floreat.
877 2141 1001 2194 Jun.
1022 2159 1100 2207 pr.
1124 2142 1303 2194 Ambr.
1325 2159 1403 2207 pr.
1439 2151 1497 2195 et
1518 2146 1709 2195 Moret.
1733 2146 1860 2196 Cod.
1883 2146 2079 2208 Ursini,
2104 2145 2229 2195 item
2252 2146 2382 2195 Exc.

189 2206 385 2268 Lneens.
410 2221 518 2255 sec.
542 2205 786 2271 apposito
828 2210 885 2267 -Ι-
924 2207 1090 2273 signo,
1113 2215 1171 2257 ut
1195 2209 1535 2274 significetur,
1554 2226 1754 2260 erasam
1778 2212 1860 2260 vel
1883 2211 2243 2275 interpolatam
2269 2224 2383 2259 esse

189 2279 399 2321 veterem
426 2272 725 2320 lectionem.
758 2274 892 2338 alnos
911 2273 1090 2322 Ambr.
1131 2289 1208 2337 pr.
1241 2277 1373 2323 alnos
1407 2277 1493 2324 vel
1529 2291 1667 2324 ornos
1699 2274 1844 2326 Med.
1879 2279 2113 2325 sem—18
2145 2273 2386 2325 mobiliore

188 2336 501 2386 Mazara—19
530 2338 701 2399 pandit
723 2337 978 2388 Pan-20
1009 2341 1139 2390 sedes
1164 2340 1287 2388 Put.
1313 2339 1459 2390 Med.
1491 2347 1664 2404 quart.
1696 2342 1826 2391 Exc.
1849 2343 2000 2394 Voss.
2031 2343 2164 2391 sedes
2191 2340 2271 2389 vel
2294 2356 2385 2390 σα·

187 2404 256 2451 des
276 2402 413 2452 Med.
439 2417 518 2463 pr.
540 2402 789 2451 Simoontu
814 2406 943 2468 Reg.
967 2403 1071 2453 duo
1096 2404 1280 2452 PetaV.
1304 2405 1454 2456 ambo
1479 2405 1673 2456 Moret.
1696 2407 1824 2457 Exc.
1846 2407 2063 2458 Gevart.
2082 2407 2231 2456 Voss.
2253 2405 2391 2462 Cod,

187 2467 410 2517 Simeonta
428 2469 552 2517 Var.
577 2469 680 2518 LL.
703 2468 783 2520 ed.
809 2469 1095 2519 Antv.-2l
1132 2470 1285 2533 tepuit
1309 2471 1471 2522 Oisel.
1496 2472 1616 2522 Put.
1644 2473 1765 2522 Pat.
1790 2473 2020 2523 Florent.
2043 2473 2168 2522 Lov.
2192 2472 2378 2521 Petav.

190 2547 358 2605 seem.
384 2549 488 2582 sec.
512 2534 639 2582 Var.
667 2535 769 2582 LL.
797 2536 877 2584 ed.
906 2534 1063 2584 Antv.
1097 2536 1300 2598 strepuit
1335 2537 1417 2585 vel
1453 2538 1635 2600 crepuit
1672 2536 1915 2587 Ambros.
1954 2542 2073 2586 tert.
2107 2532 2229 2586 item
2253 2536 2383 2586 eod.

186 2599 342 2661 Epigr.
365 2599 552 2647 Ambr.
571 2599 700 2649 Exc.
725 2600 941 2649 Gevart.
973 2601 1176 2663 strepuit
1202 2602 1283 2649 vel
1307 2603 1490 2664 crepuit
1513 2603 1641 2653 Exc.
1665 2603 1782 2652 Pat.
1816 2604 1868 2651 in
1889 2607 2029 2652 antro
2054 2616 2148 2666 pro
2175 2600 2390 2663 Olympo

186 2664 292 2712 Put.
331 2664 588 2713 Pan—22
620 2670 810 2717 resonat
850 2665 994 2714 Med.
1030 2672 1147 2713 tert.
1190 2680 1411 2714 resonans
1454 2666 1636 2716 Ambr.
1675 2673 1794 2717 tert.
1826 2682 2011 2717 resones
2042 2669 2171 2727 Reg.
2208 2666 2381 2715 Thetin

188 2728 325 2843 (qllitzel.
347 2730 474 2843 egid.
499 2728 702 2791 Ursini,
733 2729 856 2779 ΑΜ.
895 2731 1083 2780 Thetim
1123 2731 1266 2781 Vatt.
1299 2738 1542 2796 quatuor,
1575 2733 1690 2782 Pal.
1731 2734 1879 2782 Farn.
1913 2733 2050 2784 Prie.
2089 2733 2261 2783 Thetin
2294 2730 2378 2781 vel

273 2795 354 2843 tim
441 2800 575 2844 oret.
596 2808 698 2844 sec.

1172 2940 1386 2993 NOTAE‘

185 3052 453 3125 quanquam
477 3065 652 3110 tamen
694 3057 1020 3127 hebdomada
1040 3058 1123 3108 hic
1148 3073 1236 3108 an·

184 3148 341 3191 norum
386 3145 470 3186 est
502 3151 609 3185 non
649 3137 870 3199 dierum,
909 3142 969 3185 ut
1004 3141 1058 3184 et
1098 3125 1233 3198 apud

185 3211 486 3265 Ausonium:
538 3216 554 3241 ‘
580 3213 833 3265 Claudius
872 3212 1232 3264 hebdomaden

187 3289 422 3356 duplicem
444 3292 644 3342 trahit.’
710 3291 864 3341 Unde
906 3306 1006 3339 non
1044 3291 1231 3339 mirum

184 3374 256 3417 est
278 3371 412 3421 hunc
434 3371 575 3420 diem
617 3369 870 3432 usurpari,
891 3376 946 3417 et
970 3368 1232 3432 praecipue

186 3458 285 3499 cum
306 3456 495 3511 agatur
517 3447 586 3496 de
611 3446 774 3496 Peleo
799 3453 855 3494 et
875 3444 1116 3508 Thetide,
1139 3460 1232 3494 un-

194 3520 254 3579 de
271 3525 560 3575 nasciturus
595 3524 826 3574 Achilles
866 3532 1016 3588 patre
1050 3523 1233 3587 major.

128 3630 137 3640 ·
185 3597 325 3653 Forte
346 3601 725 3669 etconjugium
758 3614 854 3664 per
885 3613 975 3649 sex
1018 3600 1130 3649 dies
1152 3613 1234 3649 ce·

184 3676 439 3742 lebratunn,
477 3685 535 3728 et
559 3678 643 3726 die
667 3677 889 3740 septimo
913 3691 1233 3726 consumma-

186 3758 297 3804 tum.
361 3756 422 3805 Id
449 3753 591 3819 quod
626 3752 904 3817 conjicitur
950 3767 1016 3801 ex
1059 3753 1231 3802 verbis

186 3833 521 3895 sequentibus,
582 3832 598 3857 ‘
642 3829 908 3878 Frondoso
969 3827 1232 3892 strepuit,'

186 3908 276 3957 ἃς.
332 3911 464 3960 Haec
484 3908 808 3973 perbenigne
849 3907 969 3956 mihi
991 3907 1232 3971 suppedi-

186 3985 311 4045 tavit
374 3986 725 4036 nobilissimus
806 3984 1228 4049 doctissimusque

189 4058 418 4123 fluetiu53
455 4063 519 4112 ad
550 4077 724 4126 quem,
751 4062 793 4110 si
819 4062 932 4126 quis
950 4062 1002 4110 in
1028 4062 1230 4112 Claudi-

190 4149 276 4185 ano
293 4150 458 4188 nostro
483 4140 626 4188 locus
648 4147 725 4187 est
747 4137 996 4202 difficilis,
1036 4146 1125 4188 aut
1155 4140 1229 4188 in-

190 4217 485 4279 terpretibus
517 4218 764 4279 intactus,
804 4219 948 4268 velut
983 4217 1047 4268 ad
1084 4219 1239 4268 inex-⁴

302 4297 475 4364 Daph.
494 4303 543 4349 et
571 4298 688 4352 Var.
710 4300 838 4352 Clas.

1314 3054 1550 3109 haustum
1595 3058 1902 3109 eruditionis
1942 3064 1997 3107 et
2044 3057 2379 3110 humanitatis

1315 3133 1533 3198 fontem,
1550 3135 1836 3201 confugere
1860 3137 2021 3186 soleo.

1381 3217 1443 3262 16
1465 3214 1732 3278 Hesperus]
1751 3215 1856 3264 Seu
1880 3216 2107 3278 Vesper,
2123 3218 2204 3262 est
2225 3213 2379 3263 stella

1314 3291 1557 3353 serotino,
1588 3307 1704 3357 quae
1727 3291 1993 3341 matutinis
2016 3290 2153 3340 horis
2188 3288 2378 3339 dicitur

1316 3370 1522 3420 Lucifer
1541 3380 1591 3419 et
1619 3371 1970 3434 PlnosphoruS.

1380 3452 1441 3498 17
1479 3447 1662 3510 Ornos]
1696 3448 1968 3515 Quaslibet
1986 3443 2222 3494 arbores:
2260 3456 2377 3508 spe·

1314 3522 1419 3573 cies
1443 3537 1537 3587 pro
1559 3538 1764 3586 genere.

1380 3604 1442 3648 18
1478 3598 1746 3663 Nobiliore]
1782 3598 1971 3663 Apollo
1994 3599 2134 3648 canit
2155 3595 2377 3657 nobilius

1315 3676 1642 3740 diviniusque
1663 3690 1816 3740 quam
1837 3674 2201 3738 Terpsichore.

1380 3756 1442 3803 19
1476 3750 1685 3816 Spondet
1720 3750 1979 3814 Achillem]
2034 3750 2222 3815 Apollo
2256 3746 2375 3799 fati-

1313 3825 1456 3881 dicus
1476 3829 1717 3894 praecinit
1734 3830 2049 3879 nasciturum
2068 3844 2182 3879 esse
2199 3828 2376 3878 Achil·

1313 3908 1432 3970 lem,
1472 3922 1537 3956 ex
1572 3906 1672 3965 hoc
1696 3906 1845 3955 Pelei
1870 3913 1923 3955 et
1945 3905 2181 3954 Thetidis
2204 3905 2377 3970 conju·

1313 3984 1432 4046 gio:
1469 3984 1739 4048 ipsumque
1777 3983 2038 4031 editurum
2071 3997 2181 4030 esse
2204 3978 2377 4045 Troja-

1311 4076 1491 4110 norum
1529 4060 1701 4109 caedes
1737 4060 1800 4109 ad
1824 4057 2035 4123 fluvium
2056 4058 2374 4108 Simoeutem

1311 4138 1362 4187 in
1384 4139 1602 4187 Troade.

1374 4220 1436 4266 21
1508 4216 1750 4266 Frondoso
1798 4216 2022 4283 Olympo]
2118 4214 2373 4277 Olympus

1195 4300 1367 4350 Claud.
1630 4330 1636 4335 -
2193 4294 2244 4344 U
