2925 4928
474 411 606 480 388
1208 421 1325 473 ot..
1373 421 1809 472 onwmANt
1852 423 1989 475 XV.

475 576 688 641 Trans
717 592 976 637 murum
1005 588 1252 655 pueros
1283 572 1584 636 obsessae
1612 570 1902 638 reddidit
1932 571 2102 639 urbi.
2549 555 2681 640 275

472 678 852 743 Traduntur
878 674 1103 760 poenis
1132 675 1273 755 alii,
1303 695 1457 741 oum
1486 676 1722 760 praelia
1753 677 2053 757 solvant3
2190 686 2194 690 ⁴

473 781 613 845 Hic
642 786 883 858 manet,
913 786 990 843 ut
1017 785 1307 847 moveat.
1398 779 1599 859 Quod
1629 780 1885 864 respuit
1915 780 2087 844 alter
2120 780 2189 843 in
2214 777 2503 858 hostem,

475 885 785 967 Suscipis
817 882 1205 947 insfratrem.
1294 883 1508 966 Longi
1537 902 1660 968 pro
1693 882 2155 948 dedecusaevi
2184 881 2202 947 Ξ

474 986 603 1052 Cui
632 988 877 1072 placet,
911 988 1238 1054 australes
1269 987 1518 1053 Gildon
1546 986 1883 1052 condonat
1907 986 2227 1078 habeuaS,
2276 1039 2279 1040 γ
2382 1033 2387 1040 -

469 1090 822 1175 Tantaque
852 1096 1145 1155 mutatos
1174 1090 1474 1176 sequitur
1504 1091 1854 1175 provincia
1882 1108 2122 1154 moreS.
2256 1173 2265 1182 .
2541 1084 2674 1170 280

472 1191 828 1272 Quaslibet
854 1195 940 1258 ad
969 1202 1194 1277 partes
1227 1195 1489 1258 animus
1514 1193 1851 1258 nutaverit
1878 1210 2126 1274 anceps
2145 1211 2167 1256 ε

466 1295 909 1361 Transfundit
936 1317 1159 1362 secum
1189 1296 1497 1381 Libyam,
1525 1294 1937 1379 refluumque
1963 1294 2294 1378 malignus

460 1494 548 1543 per
569 1478 745 1529 crimen
766 1480 916 1530 servi.-
951 1485 1090 1544 atque
1115 1480 1340 1530 Camillus
1374 1480 1588 1531 restituit
1620 1480 1800 1530 civibus
1831 1479 2027 1528 obsessis
2055 1492 2224 1542 pueros
2259 1477 2488 1540 adductos
2522 1474 2592 1524 ad
2617 1489 2675 1525 se

463 1551 599 1594 trans
634 1560 835 1594 murum.
906 1547 1065 1594 Ceteri
1084 1551 1378 1609 exponuntur
1394 1545 1660 1609 suppliciis,
1697 1561 1800 1595 cum
1822 1545 2049 1596 dirimant
2068 1558 2253 1607 pugnas
2267 1559 2283 1591 .·
2315 1543 2392 1591 hic
2415 1541 2577 1591 Gildo
2601 1556 2679 1590 re-

465 1614 639 1672 manet,
669 1616 723 1659 ut
745 1611 920 1659 excitet
951 1612 1157 1661 bellum.
1224 1611 1284 1659 Id
1305 1612 1582 1673 aggrederis
1598 1615 1759 1660 contra
1783 1610 2012 1671 fratrem,
2043 1611 2163 1672 quod
2185 1609 2305 1656 alius
2326 1608 2485 1656 renuit
2505 1610 2680 1668 contra

461 1676 667 1724 hostem:
700 1675 748 1725 O
772 1675 1068 1739 opprobrium
1092 1690 1194 1725 non
1218 1676 1383 1725 visum
1402 1677 1543 1737 longa
1565 1674 1746 1724 aetate!
1794 1676 1939 1723 Gildo
1959 1676 2045 1723 dat
2075 1673 2333 1736 Imperium
2353 1670 2678 1720 meridianum

461 1741 539 1789 cui
560 1739 705 1801 iubet,
738 1747 785 1790 et
803 1741 1044 1804 provincia
1066 1746 1203 1790 tanta
1223 1741 1510 1803 obtemperat
1531 1741 1717 1789 levitati
1739 1739 2042 1800 inconstanti,
2063 1752 2392 1801 quamcumque
2412 1737 2466 1784 in
2481 1740 2680 1799 partem

462 1806 754 1856 memdubia
784 1809 1091 1871 propendeat,
1123 1806 1353 1865 transfert
1385 1821 1539 1855 secum
1559 1806 1779 1870 Libyam,
1817 1811 1864 1854 et
1902 1804 2141 1868 improbus
2160 1803 2242 1852 itte
2264 1802 2445 1866 proebet
2467 1814 2677 1863 regnum

1383 1935 1410 1956 0
1414 1934 1500 1956 m
1504 1935 1528 1955 0
1532 1934 1740 1957 &uun

417 2071 420 2076 ⁴
463 2021 563 2068 tet.
588 2024 831 2083 pr.'-—2⁷5
861 2020 987 2070 ‘Post
1016 2035 1201 2070 muman
1221 2020 1348 2069 Put.
1394 2021 1600 2070 credidit
1621 2020 1906 2070 Pale—270
1936 2018 2118 2082 pradia
2140 2015 2287 2067 Med.
2309 2029 2413 2065 sec.
2462 2012 2675 2078 preemia

456 2084 611 2132 Farn.
636 2084 819 2135 Ambr.
844 2101 923 2149 pr.
949 2088 1134 2134 solvunt
1157 2086 1298 2135 Prie.
1333 2088 1519 2135 solvant
1542 2088 1622 2135 vel
1644 2087 1813 2136 tollant
1834 2086 1956 2133 Vat.
1980 2086 2222 2147 pre-277
2263 2082 2383 2130 Haec
2405 2081 2532 2129 Var.
2559 2080 2676 2131 LL.

458 2148 542 2198 ed.
576 2147 738 2199 Antv.
772 2156 956 2199 maneat
978 2151 1148 2199 Vicet.
1171 2151 1347 2200 Parm.
1401 2149 1587 2201 moneat
1608 2152 1693 2200 vel
1726 2156 1906 2200 moveat
1930 2149 2058 2198 Put.
2113 2149 2234 2211 quoa
2270 2145 2452 2209 respuit
2479 2145 2675 2200 decem

457 2213 622 2262 (toda.
676 2229 810 2277 quem
844 2216 974 2264 Lov.
1039 2215 1199 2266 Gesn.
1239 2215 1322 2266 ed.
1358 2216 1570 2279 Bipont.
1613 2217 1820 2279 Koenig.
1883 2215 1936 2263 in
1979 2214 2111 2262 hoste
2150 2212 2346 2261 Thuan.
2387 2210 2679 2260 Tholas.—

454 2281 552 2326 278
585 2277 799 2343 Suscipit
821 2280 953 2344 Reg.
1005 2278 1218 2344 Suspicis
1235 2282 1383 2330 Med.
1419 2296 1526 2331 sec.
1560 2282 1611 2331 in
1620 2280 1813 2342 fratres
1832 2280 2028 2330 Thnan.
2062 2278 2338 2335 infratrem
2360 2290 2478 2325 cum
2499 2272 2679 2339 τελείρ

453 2346 632 2408 στιγμῇ
670 2344 815 2395 Med.
840 2360 920 2408 pr.
944 2345 1066 2395 Put.
1093 2348 1219 2396 Lov.
1243 2345 1367 2395 Ald.
1403 2348 1530 2396 Exc.
1553 2347 1773 2397 Gevart.
1805 2361 1920 2395 cum
1944 2345 2088 2408 signo
2112 2346 2366 2399 interrog.
2392 2340 2561 2401 Gesn.
2588 2340 2679 2391 ed.

451 2409 671 2472 Bipont.
714 2409 924 2475 Koenig.
997 2426 1083 2473 pro
1124 2413 1321 2460 dedecus
1363 2413 1488 2462 Vat.
1527 2427 1604 2476 pr.
1672 2416 1779 2476 post
1823 2412 2019 2459 dedecus
2055 2409 2347 2458 Fut—279
2382 2405 2482 2461 Qui
2509 2406 2679 2470 placet

450 2473 619 2524 Oisel.
667 2491 773 2526 cum
793 2479 938 2526 donat
972 2476 1092 2528 Pat.
1124 2478 1317 2528 Moret.
1357 2492 1448 2542 pr.
1493 2479 1721 2527 condonat
1745 2478 1887 2526 Prie.
1929 2475 2096 2526 Oisel.
2137 2475 2261 2524 Pat.
2295 2489 2365 2523 m.
2395 2487 2501 2522 sec.
2558 2486 2675 2522 cum

447 2539 610 2601 prodit
647 2541 751 2591 inc.
790 2542 975 2592 Heins.
1027 2558 1131 2592 cum
1160 2544 1311 2592 tradit
1352 2543 1536 2605 viginti
1578 2543 1681 2592 duo
1718 2543 1884 2592 Codd.
1909 2543 2036 2591 Var.
2072 2541 2178 2590 LL.
2215 2540 2298 2588 ed.
2338 2537 2505 2587 Antv.
2557 2552 2676 2587 cum

448 2607 609 2654 tradat
651 2607 803 2656 Farn.
843 2609 972 2672 Reg.
998 2608 1194 2658 Moret.
1217 2622 1323 2659 sec.
1378 2623 1482 2657 cum
1502 2610 1658 2656 tradet
1679 2609 1801 2656 Vat.
1824 2607 1985 2672 quint.
2036 2621 2143 2655 cum
2165 2605 2327 2653 turbat
2359 2614 2416 2653 et
2450 2602 2681 2652 emend,

448 2673 610 2720 tradat
635 2671 781 2722 Leid.
816 2687 897 2735 pr.
941 2675 1178 2723 contradit
1203 2672 1392 2724 Sched.
1419 2673 1585 2724 Gnd.-=
1614 2675 1861 2722 contradat
1914 2671 2060 2722 Med.
2085 2677 2256 2735 quart.
2281 2669 2412 2717 Exc.
2439 2667 2672 2719 Gevart.

448 2750 550 2784 mm
587 2737 731 2792 donat
776 2739 1009 2788 vel-cum
1049 2740 1198 2788 tradit
1239 2734 1365 2789 Put‘.
1422 2739 1656 2788 condonat
1700 2739 1783 2787 vel
1826 2753 1932 2787 cum
1977 2738 2129 2786 tradit
2149 2737 2274 2784 Vat.
2298 2747 2377 2796 pr.
2431 2735 2674 2782 condonat

448 2802 531 2849 vel
564 2817 670 2850 cum
704 2805 869 2853 tradat
911 2806 1160 2853 Florentv
1196 2820 1301 2853 cum
1336 2806 1483 2853 donat
1521 2804 1604 2852 vel
1638 2806 1869 2852 condonat
1901 2803 2024 2853 Vat.
2049 2808 2168 2851 tert.
2225 2796 2474 2848 Heinsius
2504 2799 2673 2861 conji-

447 2865 622 2915 ciebat
639 2882 749 2916 num
773 2869 941 2918 tradit.
991 2868 1229 2920 habenas?
1262 2883 1378 2918 cum
1402 2870 1551 2933 signo
1574 2867 2011 2932 interrogationi5‚
2048 2867 2235 2916 PetaV.
2277 2879 2357 2928 pr.
2398 2863 2477 2912 uti
2508 2870 2563 2912 et
2591 2878 2671 2914 νε.

446 2944 554 2994 seq.
588 2946 739 2981 mores
749 2928 935 2982 12--281
974 2935 1294 2997 Quascumque
1313 2935 1506 2984 Moret.
1529 2948 1631 2983 sec.
1654 2934 1785 2982 Exc.
1810 2933 2026 2982 Gevart.
2057 2932 2244 2981 animus
2259 2929 2514 2979 mutaverit
2533 2929 2669 2980 Vat-

483 3003 619 3049 uart.
645 3002 701 3046 et
723 2997 888 3060 quint.
922 3000 1131 3048 animum
1153 2999 1403 3048 mutaverit
1425 2997 1572 3048 Leid.
1592 3013 1672 3062 pr.
1693 3000 1816 3047 Vat.
1842 3003 1967 3047 tert.
2001 2998 2118 3047 Pal.
2150 2998 2302 3045 Farn.
2328 2994 2473 3044 Pric.
2510 2993 2668 3043 Rott.

500 3059 610 3109 isel.
635 3062 865 3112 Florent.
901 3062 1071 3113 Oxou.
1096 3078 1175 3127 pr.
1209 3063 1329 3112 Ald.
1381 3065 1568 3113 animus
1593 3064 1672 3112 vel
1697 3065 1909 3112 animum
1940 3062 2128 3112 Petav.
2155 3076 2236 3125 pr.
2291 3060 2500 3108 animum
2525 3054 2666 3122 Reg.

444 3125 566 3173 Pat.
587 3126 669 3175 ed.
694 3126 868 3178 Parm.
917 3130 1153 3178 nutaverit
1177 3129 1298 3179 Vat.
1324 3144 1427 3178 sec.
1453 3128 1596 3178 Med.
1619 3135 1790 3192 quart.
1815 3135 1923 3176 tres
1956 3126 2142 3176 PetaV.
2167 3125 2250 3175 ed.
2271 3123 2446 3172 Parm.
2504 3129 2670 3173 muta·

443 3189 568 3238 verit
604 3190 785 3240 decem
818 3192 923 3243 alii.
977 3196 1163 3243 animus
1181 3194 1534 3243 nutaverit‘vel
1570 3193 1779 3242 animum
1801 3194 2053 3242 mutaverit
2090 3193 2213 3240 Vat.
2250 3204 2328 3254 pr.
2369 3188 2513 3239 Med.
2553 3203 2665 3240 sec·-

438 3253 613 3304 animis
633 3257 872 3306 nutaverit
914 3258 1045 3309 LoV.
1097 3258 1340 3308 Heinsius
1363 3260 1495 3323 legit
1519 3259 1668 3308 aniani
1702 3257 1945 3308 nutaverit
1981 3259 2328 3319 anceps—282
2368 3252 2658 3312 Transfudit

442 3319 589 3372 Prie.
609 3322 740 3373 Exc.
762 3323 919 3375 Laeti.
981 3325 1288 3374 Transtundit
1310 3325 1434 3375 Var.
1465 3325 1571 3374 LL.
1595 3323 1681 3373 ed.
1706 3322 1867 3378 AntV.
1915 3322 2117 3388 Libyam
2137 3336 2291 3370 secum
2326 3319 2513 3384 viginti
2537 3325 2664 3378 octo

1440 3464 1660 3514 NOTAE

441 3559 704 3628 patravit,'
726 3561 780 3611 id
803 3566 903 3624 est,
926 3561 1166 3627 perfecit.
1582 3561 1834 3624 magister
1883 3559 2206 3612 Faliscorum
2257 3556 2536 3621 rapiuntur
2589 3554 2661 3606 ad

499 3643 596 3689 275
632 3639 837 3702 Pueros]
892 3641 1183 3692 Primorum
1226 3640 1369 3691 urbis
1411 3641 1507 3691 Fa·
1582 3654 1784 3704 poenas,
1817 3640 1956 3704 quod
1992 3639 2111 3689 dolo
2134 3644 2191 3688 et
2221 3638 2416 3687 scelere
2441 3641 2660 3686 tentent

435 3716 678 3766 liscorum
738 3717 890 3781 filim,
964 3735 1093 3784 quos
1145 3719 1504 3782 ludimagister
1582 3719 1787 3768 solvere
1808 3724 1863 3768 et
1885 3717 2032 3766 finire
2054 3715 2254 3780 praelia.

437 3792 758 3841 sermonibus
793 3794 945 3845 variis
968 3795 1314 3857 pertrahendo
1339 3810 1502 3860 usque
1645 3797 1744 3844 278
1797 3794 1955 3855 Longi
1991 3791 2115 3854 cavi]
2167 3791 2217 3840 Ο
2262 3789 2492 3847 dedecus
2530 3789 2656 3852 tale,

434 3866 503 3917 ad
525 3875 698 3918 castra
716 3870 920 3918 Camilli
941 3872 1277 3933 perduxerat,
1300 3872 1501 3935 ipsique
1581 3871 1734 3936 quale
1784 3885 1882 3919 nec
1920 3870 2081 3919 visum
2123 3882 2222 3917 nec
2257 3865 2539 3916 videndum
2574 3871 2656 3916 est

434 3943 651 3995 Camillo
677 3946 1011 4009 prodiderat:
1049 3947 1140 3997 sed
1165 3949 1247 3998 hic
1269 3949 1499 3998 vinctum
1582 3961 1683 4014 per
1700 3948 1857 4011 longa
1875 3947 2084 3996 saecula.
2554 3932 2569 3949 ⁶

429 4021 842 4084 ludimagistrum
885 4025 1022 4074 urbis
1063 4025 1383 4088 proditorem
1428 4026 1502 4074 ul·-
1645 4029 1743 4075 280
1769 4025 2008 4088 Mutatus]
2029 4024 2272 4088 Sequitur
2291 4019 2651 4083 mutationem,

433 4105 521 4151 tra
542 4101 758 4169 remisit,
792 4101 967 4165 sieque
989 4103 1220 4152 Faliscos
1247 4103 1500 4154 beineficio
1583 4110 1638 4152 et
1681 4103 2079 4151 inconstantiam
2102 4115 2319 4162 morum,
2357 4098 2648 4149 levitatem-

430 4177 614 4240 magiS,
648 4191 800 4242 quam
823 4178 977 4227 armis
1020 4186 1293 4242 superatos
1319 4187 1501 4244 portas
1582 4195 1682 4246 que
1705 4180 1956 4230 Punicam
1981 4178 2241 4229 Gildonis.
2334 4229 2342 4235 ,
2687 4180 2694 4187 “

424 4253 523 4306 sibi
548 4254 777 4320 pandere
797 4253 1023 4306 officiose
1044 4255 1235 4319 coegit.
1640 4262 1740 4307 282
1806 4255 2142 4324 Remumque]
2216 4253 2375 4303 Gildo
2402 4251 2642 4302 ‘Maurus

490 4334 592 4383 276
622 4329 842 4401 δρὶυαηι]
872 4332 1113 4385 Medicus
1132 4332 1342 4402 Pyrrhi,
1363 4332 1497 4385 ludi·
1575 4348 1900 4402 quocumque
1927 4334 2168 4399 inclinet,
2192 4329 2446 4386 transfert
2466 4342 2640 4381 secum
