2925 4928
495 414 638 481 »414
1140 449 1146 454 -
1210 429 1329 477 cu.
1376 426 1804 477 anumAm
1856 428 2054 482 xvir.

504 574 816 661 Emergit,
847 574 1214 660 similisque
1241 575 1384 639 sui:
1422 574 1729 659 justique
1758 579 2045 639 tenorem

505 680 809 748 Flectere
838 700 970 744 non
999 680 1228 743 odium
1258 679 1459 762 cogit,
1490 698 1623 742 non
1654 680 1864 761 gratia
1892 676 2155 743 suadet.

505 783 685 848 Nam
714 791 971 868 spretas
1001 784 1151 866 quis
1182 801 1372 865 ope5‚
1401 783 1778 865 intactaque
1812 786 2083 864 pectora
2109 779 2294 844 lucro

503 886 1031 951 Commemoret‘l
1078 886 1318 950 fuerint
1346 886 1502 949 aliis
1532 885 1682 950 haec
1712 885 1880 949 forte
1912 883 2181 949 decori:
2584 880 2711 948 215

506 989 719 1054 Nulla
750 998 978 1073 potest
1001 992 1151 1054 laus
1181 1010 1335 1055 esse
1365 991 1514 1066 tibi,
1547 983 2012 1075 quai’criminu.
2031 993 2286 1072 purget.

507 1092 743 1158 Servat
769 1092 1160 1158 inoffensam
1189 1095 1414 1158 divina
1441 1095 1771 1158 modestia
1799 1112 2060 1157 vocem.

503 1194 922 1280 Temperiem
951 1203 1215 1262 servant
1243 1198 1445 1274 oculi,
1478 1217 1604 1261 nec
1634 1196 1884 1260 lumina
1912 1195 2129 1260 fervor

505 1293 825 1383 Asperat,
858 1304 975 1364 aut
1000 1299 1268 1364 rabidas
1297 1299 1619 1364 suffundit
1649 1299 1968 1382 sanguine
2002 1317 2223 1379 venas,
2384 1361 2387 1364 ,

508 1400 850 1485 Nullaque
879 1403 1120 1468 mutati
1149 1408 1511 1486 tempestas
1542 1401 1837 1486 proditur
1865 1402 2024 1466 oris,
2592 1401 2719 1468 220

510 1503 693 1584 Quin
721 1504 921 1570 etiam
949 1511 1170 1570 sontes
1199 1506 1488 1588 expulsa
1519 1506 1795 1588 corrigis
1824 1505 1946 1582 ira,

509 1604 602 1671 Et
630 1606 945 1690 placidus
976 1607 1221 1673 delicta
1256 1608 1531 1673 domas:
1584 1627 1708 1671 nec
1741 1606 2051 1672 dentibus
2077 1627 2373 1691 unquam

505 1805 762 1856 inimicitia
782 1808 913 1870 cogit
935 1809 1070 1858 hunc
1089 1811 1366 1874 detorquere
1385 1811 1552 1859 seriem
1584 1809 1843 1873 aequilatis,
1866 1823 2010 1872 neque
2031 1808 2179 1866 favor
2198 1808 2462 1871 persuadet.
2532 1806 2724 1856 Etenim

506 1886 592 1920 cur
611 1872 813 1933 referam
832 1874 1031 1923 divitias
1062 1881 1335 1939 contemtus,
1359 1881 1406 1924 et
1443 1879 1655 1925 animum
1688 1886 1841 1924 tuum
1873 1875 2205 1923 intemeratum
2242 1872 2387 1924 auro?
2424 1873 2529 1921 hoec
2554 1872 2725 1933 form

509 1938 756 1987 videantur
778 1940 888 1987 aliis
918 1941 1130 2003 pulchro,
1153 1943 1278 1989 nulla
1305 1942 1466 2001 gloria
1502 1946 1653 2005 potest
1675 1942 1904 1990 aestimari
1928 1955 1955 1987 a
1989 1945 2056 2001 te,
2090 1954 2191 2002 quae
2212 1940 2338 1987 eluat
2359 1939 2555 1988 scelera.
2623 1939 2725 1986 Mo-

505 2004 663 2052 destia
685 2011 776 2052 tua
796 2005 957 2053 divina
974 2013 1213 2054 conservat
1235 2022 1490 2056 sermonem
1510 2008 1750 2071 placidum
1760 2023 1781 2065 ‚⁰
1812 2006 1933 2054 oculi
1957 2006 2029 2053 tui
2043 2010 2312 2053 conservant
2335 2004 2726 2052 moderationem:

493 2082 654 2131 ‚neque
671 2071 813 2118 ardor
833 2071 986 2135 inficit
1007 2086 1102 2130 eos,
1126 2078 1211 2120 aut
1247 2074 1394 2135 replet
1424 2088 1591 2135 corpus
1611 2086 1853 2121 accensum
1885 2070 1994 2131 bile,
2031 2074 2079 2118 et
2113 2070 2241 2118 nulla
2277 2069 2418 2117 nubes
2453 2070 2617 2117 vultus
2651 2067 2725 2117 tui

509 2133 684 2183 mutati
704 2136 981 2186 ostenditur.
1047 2137 1293 2187 Praeterea
1315 2140 1531 2187 emendus
1565 2143 1781 2187 nocentes
1811 2137 1886 2185 ira
1920 2141 2116 2200 remota,
2137 2140 2184 2183 et
2207 2136 2327 2185 lenis
2340 2134 2485 2198 punis
2508 2134 2728 2197 crimine,

1430 2265 1787 2286 OOOOOOOOOOOO

511 2369 643 2413 rent.
683 2378 752 2414 m.
790 2380 867 2429 pr.
907 2367 1039 2431 Reg.
1079 2369 1147 2417 ni.
1173 2383 1276 2418 sec.
1302 2368 1486 2419 Heius·
1512 2368 1674 2417 Gesn.
1699 2368 1780 2418 ed.
1803 2368 2017 2432 Bipont.
2054 2366 2257 2425 Koenig.
2311 2364 2468 2414 animo
2504 2364 2632 2416 Jun.
2655 2378 2728 2428 pr.

512 2428 677 2481 Oisel.
699 2431 825 2494 Reg.
851 2432 974 2483 Put.
998 2434 1197 2486 Bonon.
1235 2436 1355 2486 Par.
1376 2435 1582 2484 TholoS.
1607 2433 1789 2500 Ambr,
1817 2449 1894 2497 pr.
1923 2435 2045 2483 Lov.
2072 2432 2175 2482 duo
2211 2432 2396 2482 Petav.
2423 2431 2527 2481 inc.
2551 2429 2728 2493 Heius.

508 2496 689 2544 animos
712 2498 857 2547 Rott.
911 2500 1069 2549 anieno
1094 2501 1174 2548 vel
1196 2503 1377 2550 unitnus
1401 2501 1573 2551 Oxou.
1597 2515 1702 2550 sec.
1758 2502 1885 2549 mille
1914 2499 2107 2561 negotia
2144 2499 2289 2547 Med.
2332 2498 2452 2547 tert}
2518 2496 2732 2545 tonitrua

511 2561 614 2610 duo
634 2562 756 2613 Vat.
781 2564 968 2613 Petav.
994 2581 1073 2630 pr.
1132 2567 1343 2615 tonitrua
1368 2567 1449 2615 vel
1474 2569 1665 2628 negotia
1688 2566 1811 2615 Vat.
1837 2566 2166 2629 ψύαι-212
2199 2564 2413 2611 timorem
2433 2562 2566 2612 Jun.
2589 2577 2731 2625 pr.—

487 2634 490 2641 '
511 2629 608 2679 214
644 2628 756 2676 Non
775 2630 977 2681 Tholos.
1038 2632 1146 2680 Nou
1171 2632 1251 2680 vel
1277 2633 1404 2681 Nam
1427 2632 1572 2681 Med.
1600 2638 1721 2681 tert.
1777 2636 1987 2694 sumptas
2005 2630 2131 2678 Lov.
2180 2629 2387 2692 pignora
2409 2628 2605 2677 PetaV.
2629 2640 2729 2676 sec.

511 2696 672 2742 —215
713 2694 1054 2753 Commemorat
1077 2698 1221 2746 Rott.
1248 2699 1375 2745 Lov.
1398 2697 1603 2755 suerunt
1628 2697 1754 2760 Reg.
1779 2712 1844 2744 m.
1872 2711 1947 2760 pr.
1985 2695 2122 2761 fiunt
2145 2696 2225 2742 vel
2240 2693 2429 2754 fuerint
2454 2692 2632 2742 Oxon.
2656 2705 2732 2755 ps.

510 2758 668 2807 decori
690 2761 812 2808 Vat.
840 2775 915 2823 pr.
936 2777 1001 2811 m.
1026 2777 1102 2826 pr.
1140 2764 1342 2813 Bonon.
1381 2761 1558 2811 Ambr.
1598 2777 1678 2826 pr.
1720 2762 1905 2810 Petav.
1946 2764 2232 2810 tem—217
2263 2759 2474 2823 potentia
2499 2759 2631 2810 Jun.
2657 2771 2731 2821 pr.

511 2822 636 2872 Vat.
662 2824 826 2887 quint.
863 2832 1064 2876 mentem
1084 2828 1208 2879 Jun.
1234 2832 1479 2891 pr.—-218
1511 2833 1697 2877 servent
1717 2827 1840 2875 Vat.
1866 2827 2033 2891 quint.
2084 2829 2240 2873 servat
2264 2825 2408 2872 oculis
2436 2825 2732 2872 Floreat.—

511 2891 611 2936 219
644 2889 837 2939 rabidas
858 2891 959 2940 duo
984 2894 1128 2942 Vatt.
1154 2894 1385 2943 Floreat.
1411 2893 1556 2943 Med.
1583 2908 1689 2941 sec.
1717 2892 1840 2942 Put.
1867 2901 1971 2941 tres
1998 2892 2180 2939 Petav.
2204 2891 2324 2939 Pat.
2374 2892 2578 2952 rapidas
2612 2889 2731 2937 Vnt.

511 2967 594 3016 pr.
620 2953 735 3003 Pal.
758 2956 910 3004 Farn.
934 2957 1073 3007 Prie.
1101 2958 1200 3007 dno
1225 2959 1399 3008 Oxou.
1425 2968 1532 3006 tres
1558 2958 1713 3007 ‚Med.
1750 2959 1853 3008 inc,
1893 2957 2076 3007 Heius.
2120 2957 2248 3019 Reg.
2288 2956 2484 3004 Mazar.
2532 2955 2731 3002 Bonon-

514 3015 697 3068 Ambr.
718 3034 821 3070 sec.
850 3023 973 3072 Lov.
999 3024 1190 3073 Moret.
1217 3039 1320 3073 sec.
1343 3026 1472 3074 Exc.
1496 3025 1695 3073 Schott.
1719 3029 1775 3072 et
1798 3023 2014 3073 Gevart.
2068 3022 2223 3069 rabies
2239 3021 2441 3069 Tholos.
2496 3017 2732 3084 diffundit

491 3083 642 3134 ‘Exc.
665 3085 813 3134 Laeti.
846 3086 1077 3150 suffundit
1101 3088 1247 3137 Leid.
1272 3104 1350 3152 pr.
1380 3097 1433 3137 et
1472 3090 1652 3151 viginti
1695 3097 1814 3137 octo
1848 3088 1955 3148 alii,
2001 3089 2127 3137 Exc.
2165 3087 2366 3135 Schott.
2394 3087 2619 3139 Lucens.
2660 3098 2732 3148 pr.

513 3149 638 3199 Var.
668 3151 766 3200 LL.
792 3166 822 3200 e
846 3167 1003 3215 marg.
1028 3153 1202 3202 Parm.
1226 3155 1307 3202 ed.
1330 3156 1502 3204 Vicet.
1525 3153 1712 3203 Sched.
1738 3154 1875 3203 Gud.
1897 3154 2023 3201 Var.
2049 3153 2154 3201 LL.
2184 3151 2267 3200 ed.
2296 3151 2621 3200 Antv.-221
2656 3164 2733 3197 ex-

484 3220 492 3231 '
514 3228 648 3264 cussa
671 3215 768 3266 inc.
790 3216 972 3268 Heius.
1005 3219 1202 3282 corrigit
1228 3218 1416 3270 PetaV.
1441 3224 1715 3270 sem—222
1743 3220 1959 3283 placidas
1979 3219 2091 3267 Pal.
2114 3216 2257 3267 Med.
2283 3232 2358 3281 pr.
2403 3231 2496 3266 non
2517 3214 2734 3265 dentibus

1514 3364 1732 3416 NOTAE

487 3479 572 3530 ‘et
591 3486 833 3531 constans
855 3472 1158 3532 Theodorus
1182 3488 1356 3531 servat
1380 3496 1586 3545 semper
1663 3481 1773 3529 sine
1831 3480 2129 3545 cujusquam
2171 3476 2452 3527 offensione
2507 3490 2733 3542 pronun·
2804 3541 2815 3548 .

513 3559 737 3608 eundem
761 3559 1005 3622 animum,
1037 3558 1257 3609 eundem
1272 3559 1494 3622 justitiae
1519 3553 1584 3606 ri·
1664 3559 1877 3607 tit-ntur.

515 3650 713 3698 gorem,
733 3644 789 3684 et
812 3637 955 3686 velut
978 3637 1211 3686 strictam
1240 3637 1464 3697 lineam;
1498 3651 1584 3685 ne·
1728 3639 1827 3684 219
1857 3632 2085 3698 Asperat]
2131 3633 2317 3698 Neque
2358 3628 2509 3679 furor
2560 3629 2734 3681 reddit

516 3726 619 3775 que
662 3710 901 3762 deflectit
951 3714 1032 3761 vel
1084 3720 1435 3763 transversum
1492 3729 1584 3762 un-
1663 3714 1841 3761 oculos
1866 3720 1983 3761 tuos
2004 3725 2233 3774 asperos,
2246 3717 2301 3758 et
2321 3709 2586 3759 terribiles
2606 3709 2735 3759 scin·

487 3798 693 3853 ‘guem‚
728 3791 813 3839 vel
848 3790 1102 3840 adductus
1137 3790 1276 3854 odio,
1306 3793 1386 3839 vel
1413 3793 1584 3853 gratia
1664 3789 2226 3853 tiliis-erumpentibus.

516 3864 884 3928 potentiorum.
1735 3869 1911 3931 Venus]
1946 3866 2160 3915 Homini
2183 3865 2315 3914 irato
2338 3871 2545 3913 tument
2566 3878 2735 3924 veum,

582 3946 682 3990 216
733 3943 882 3991 Nulla
915 3949 1068 4007 potest
1106 3943 1232 4006 laus]
1288 3945 1581 4009 Nequidem
1663 3947 1871 4011 sanguis
1893 3944 2206 4007 effervescit,
2235 3946 2425 4005 vultus,
2446 3950 2510 3992 ut
2533 3942 2731 4008 Coelum

518 4016 597 4067 vis
615 4017 830 4083 laudari,
846 4021 983 4083 quod
1008 4020 1249 4073 muudum
1275 4035 1465 4084 purges
1488 4023 1584 4070 cri·
1665 4029 1978 4085 tempestate
2020 4018 2247 4080 furente,
2283 4025 2536 4082 mutatur,
2558 4017 2733 4068 turba-

487 4158 496 4165 ,
519 4094 758 4153 minibus.
1667 4109 1766 4161 tur,
1790 4099 1943 4148 modo
1966 4098 2141 4156 rubet,
2165 4097 2313 4145 modo
2336 4095 2522 4161 pallet.

585 4175 683 4221 21⁷
718 4171 1027 4238 Inoffensam]
1071 4175 1181 4223 Tua
1205 4175 1457 4224 modestia
1481 4176 1586 4225 effi·
1728 4185 1824 4229 222
1856 4180 1923 4227 Et
1939 4175 2181 4242 placidus]
2215 4175 2432 4225 Placide
2456 4170 2605 4238 punis
2622 4185 2730 4222 sou.

522 4251 618 4314 cit,
639 4256 699 4300 ut
736 4266 995 4302 sermones
1033 4254 1108 4302 tui
1144 4254 1249 4302 sint
1270 4270 1476 4319 semper
1509 4256 1586 4304 in·
1667 4266 1766 4318 tes»,
1791 4258 1937 4322 quasi
1956 4255 2174 4305 invitus:
2201 4253 2400 4318 legibus
2422 4266 2599 4316 poenas
2616 4248 2729 4302 'tum

497 4327 726 4399 lossensi,
745 4329 843 4383 hoc
867 4338 949 4382 est
984 4331 1201 4398 placidi,
1226 4332 1507 4400 tranquilli,
1530 4340 1588 4383 et
1667 4331 1995 4399 exigentibus
2020 4345 2205 4398 parere
2233 4328 2474 4381 videaris.
