<?xml version="1.0" encoding="UTF-8"?>
<!DOCTYPE html PUBLIC "-//W3C//DTD XHTML 1.0 Transitional//EN"
    "http://www.w3.org/TR/xhtml1/DTD/xhtml1-transitional.dtd">
<html xmlns="http://www.w3.org/1999/xhtml" xml:lang="en" lang="en">
 <head>
  <title>
</title>
<meta http-equiv="Content-Type" content="text/html;charset=utf-8" />
  <meta name='ocr-system' content='tesseract 3.04.00' />
  <meta name='ocr-capabilities' content='ocr_page ocr_carea ocr_par ocr_line ocrx_word'/>
</head>
<body>
  <div class='ocr_page' id='page_1' title='image "./operaomniavolum00claugoog/operaomniavolum00claugoog_0450.png"; bbox 0 0 2925 4928; ppageno 0'>
   <div class='ocr_carea' id='block_1_1' title="bbox 469 362 603 431">
    <p class='ocr_par' dir='ltr' id='par_1_1' title="bbox 469 362 603 431">
     <span class='ocr_line' id='line_1_1' title="bbox 469 362 603 431; baseline 0 0"><span class='ocrx_word' id='word_1_1' title='bbox 469 362 603 431; x_wconf 71' lang='lat'><strong>432</strong></span> 
     </span>
    </p>
   </div>
   <div class='ocr_carea' id='block_1_2' title="bbox 468 524 2205 1125">
    <p class='ocr_par' dir='ltr' id='par_1_2' title="bbox 468 524 2205 1125">
     <span class='ocr_line' id='line_1_2' title="bbox 474 524 1966 610; baseline -0.005 -14"><span class='ocrx_word' id='word_1_2' title='bbox 474 530 712 596; x_wconf 84' lang='lat' dir='ltr'><strong>Sidera</strong></span> <span class='ocrx_word' id='word_1_3' title='bbox 740 531 855 593; x_wconf 91' lang='lat' dir='ltr'><strong>cur</strong></span> <span class='ocrx_word' id='word_1_4' title='bbox 884 529 1135 610; x_wconf 81' lang='lat' dir='ltr'><strong>septem</strong></span> <span class='ocrx_word' id='word_1_5' title='bbox 1164 530 1339 591; x_wconf 87' lang='lat' dir='ltr'><strong>retro</strong></span> <span class='ocrx_word' id='word_1_6' title='bbox 1368 524 1656 589; x_wconf 89' lang='lat' dir='ltr'><strong>nitantur</strong></span> <span class='ocrx_word' id='word_1_7' title='bbox 1683 524 1966 594; x_wconf 23' lang='lat' dir='ltr'><strong>inssortus</strong></span> 
     </span>
     <span class='ocr_line' id='line_1_3' title="bbox 475 627 1958 716; baseline -0.005 -17"><span class='ocrx_word' id='word_1_8' title='bbox 475 632 836 699; x_wconf 87' lang='lat' dir='ltr'><strong>Obluctata</strong></span> <span class='ocrx_word' id='word_1_9' title='bbox 860 630 1059 716; x_wconf 86' lang='lat' dir='ltr'><strong>polo:</strong></span> <span class='ocrx_word' id='word_1_10' title='bbox 1107 629 1393 695; x_wconf 81' lang='lat' dir='ltr'><strong>variisne</strong></span> <span class='ocrx_word' id='word_1_11' title='bbox 1419 628 1752 694; x_wconf 83' lang='lat' dir='ltr'><strong>meatibus</strong></span> <span class='ocrx_word' id='word_1_12' title='bbox 1779 627 1958 692; x_wconf 88' lang='lat' dir='ltr'><strong>idem</strong></span> 
     </span>
     <span class='ocr_line' id='line_1_4' title="bbox 473 732 2205 817; baseline -0.001 -15"><span class='ocrx_word' id='word_1_13' title='bbox 473 736 758 815; x_wconf 83' lang='lat' dir='ltr'><strong>Arbiter,</strong></span> <span class='ocrx_word' id='word_1_14' title='bbox 790 756 876 800; x_wconf 90' lang='lat' dir='ltr'><strong>an</strong></span> <span class='ocrx_word' id='word_1_15' title='bbox 907 734 1181 817; x_wconf 78' lang='lat' dir='ltr'><strong>geminae</strong></span> <span class='ocrx_word' id='word_1_16' title='bbox 1213 737 1602 798; x_wconf 82' lang='lat' dir='ltr'><strong>convertant</strong></span> <span class='ocrx_word' id='word_1_17' title='bbox 1630 732 1880 797; x_wconf 76' lang='lat' dir='ltr'><strong>aethera</strong></span> <span class='ocrx_word' id='word_1_18' title='bbox 1908 739 2205 800; x_wconf 82' lang='lat' dir='ltr'><strong>mentes:</strong></span> 
     </span>
     <span class='ocr_line' id='line_1_5' title="bbox 468 835 2069 920; baseline -0.004 -15"><span class='ocrx_word' id='word_1_19' title='bbox 468 840 664 905; x_wconf 89' lang='lat' dir='ltr'><strong>Sitne</strong></span> <span class='ocrx_word' id='word_1_20' title='bbox 694 839 881 903; x_wconf 90' lang='lat' dir='ltr'><strong>color</strong></span> <span class='ocrx_word' id='word_1_21' title='bbox 907 837 1218 920; x_wconf 86' lang='lat' dir='ltr'><strong>proprius</strong></span> <span class='ocrx_word' id='word_1_22' title='bbox 1239 855 1483 913; x_wconf 90' lang='lat' dir='ltr'><strong>rerum,</strong></span> <span class='ocrx_word' id='word_1_23' title='bbox 1509 835 1767 899; x_wconf 86' lang='lat' dir='ltr'><strong>lucisne</strong></span> <span class='ocrx_word' id='word_1_24' title='bbox 1796 836 2069 918; x_wconf 87' lang='lat' dir='ltr'><strong>repulsu</strong></span> 
     </span>
     <span class='ocr_line' id='line_1_6' title="bbox 474 936 2132 1021; baseline -0.004 -14"><span class='ocrx_word' id='word_1_25' title='bbox 474 942 767 1007; x_wconf 85' lang='lat' dir='ltr'><strong>Eludant</strong></span> <span class='ocrx_word' id='word_1_26' title='bbox 795 939 1044 1005; x_wconf 88' lang='lat' dir='ltr'><strong>aciem:</strong></span> <span class='ocrx_word' id='word_1_27' title='bbox 1092 936 1383 1002; x_wconf 88' lang='lat' dir='ltr'><strong>tumidos</strong></span> <span class='ocrx_word' id='word_1_28' title='bbox 1416 958 1568 1021; x_wconf 86' lang='lat' dir='ltr'><strong>quae</strong></span> <span class='ocrx_word' id='word_1_29' title='bbox 1600 937 1795 1001; x_wconf 90' lang='lat' dir='ltr'><strong>Luna</strong></span> <span class='ocrx_word' id='word_1_30' title='bbox 1826 956 2132 1000; x_wconf 87' lang='lat' dir='ltr'><strong>recursus</strong></span> 
     </span>
     <span class='ocr_line' id='line_1_7' title="bbox 475 1040 2093 1125; baseline -0.005 -15"><span class='ocrx_word' id='word_1_31' title='bbox 475 1044 752 1114; x_wconf 87' lang='lat' dir='ltr'><strong>Nutriat</strong></span> <span class='ocrx_word' id='word_1_32' title='bbox 782 1043 1076 1108; x_wconf 87' lang='lat' dir='ltr'><strong>Oceani:</strong></span> <span class='ocrx_word' id='word_1_33' title='bbox 1125 1061 1260 1125; x_wconf 92' lang='lat' dir='ltr'><strong>quo</strong></span> <span class='ocrx_word' id='word_1_34' title='bbox 1291 1040 1505 1106; x_wconf 88' lang='lat' dir='ltr'><strong>fracta</strong></span> <span class='ocrx_word' id='word_1_35' title='bbox 1532 1041 1819 1106; x_wconf 89' lang='lat' dir='ltr'><strong>tonitrua</strong></span> <span class='ocrx_word' id='word_1_36' title='bbox 1847 1045 2093 1112; x_wconf 87' lang='lat' dir='ltr'><strong>vento..</strong></span> 
     </span>
    </p>
   </div>
   <div class='ocr_carea' id='block_1_3' title="bbox 1170 376 2080 428">
    <p class='ocr_par' dir='ltr' id='par_1_3' title="bbox 1170 376 2080 428">
     <span class='ocr_line' id='line_1_8' title="bbox 1170 376 2080 428; baseline 0 -1"><span class='ocrx_word' id='word_1_37' title='bbox 1170 379 1286 427; x_wconf 68' lang='lat' dir='ltr'><strong>ct..</strong></span> <span class='ocrx_word' id='word_1_38' title='bbox 1332 376 1762 427; x_wconf 72' lang='lat' dir='ltr'>CLAUDIAM</span> <span class='ocrx_word' id='word_1_39' title='bbox 1811 379 2002 428; x_wconf 81' lang='lat' dir='ltr'><strong>xvu.</strong></span> <span class='ocrx_word' id='word_1_40' title='bbox 2072 397 2080 406; x_wconf 90' lang='lat'><strong>·</strong></span> 
     </span>
    </p>
   </div>
   <div class='ocr_carea' id='block_1_4' title="bbox 2552 673 2677 806">
    <p class='ocr_par' dir='ltr' id='par_1_4' title="bbox 2552 673 2677 806">
     <span class='ocr_line' id='line_1_9' title="bbox 2552 673 2677 806; baseline 0.064 -8"><span class='ocrx_word' id='word_1_41' title='bbox 2552 673 2677 806; x_wconf 66' lang='lat' dir='ltr'><strong>1⁰⁵ss</strong></span> 
     </span>
    </p>
   </div>
   <div class='ocr_carea' id='block_1_5' title="bbox 474 1241 2719 1504">
    <p class='ocr_par' dir='ltr' id='par_1_5' title="bbox 474 1241 2719 1504">
     <span class='ocr_line' id='line_1_10' title="bbox 474 1241 2719 1309; baseline -0.002 -15"><span class='ocrx_word' id='word_1_42' title='bbox 474 1259 618 1309; x_wconf 73' lang='lat' dir='ltr'><strong>quare</strong></span> <span class='ocrx_word' id='word_1_43' title='bbox 649 1250 824 1307; x_wconf 78' lang='lat' dir='ltr'><strong>septem</strong></span> <span class='ocrx_word' id='word_1_44' title='bbox 862 1245 1077 1294; x_wconf 80' lang='lat' dir='ltr'><strong>Planetoe</strong></span> <span class='ocrx_word' id='word_1_45' title='bbox 1107 1244 1382 1294; x_wconf 74' lang='lat' dir='ltr'><strong>obsistentes</strong></span> <span class='ocrx_word' id='word_1_46' title='bbox 1416 1244 1544 1293; x_wconf 80' lang='lat' dir='ltr'><strong>Coelo</strong></span> <span class='ocrx_word' id='word_1_47' title='bbox 1574 1248 1797 1292; x_wconf 78' lang='lat' dir='ltr'><strong>conentur</strong></span> <span class='ocrx_word' id='word_1_48' title='bbox 1833 1241 1909 1292; x_wconf 89' lang='lat' dir='ltr'><strong>ire</strong></span> <span class='ocrx_word' id='word_1_49' title='bbox 1941 1248 2107 1301; x_wconf 64' lang='grc' dir='ltr'><strong>φαίη),-</strong></span> <span class='ocrx_word' id='word_1_50' title='bbox 2140 1258 2204 1292; x_wconf 83' lang='lat' dir='ltr'><strong>an</strong></span> <span class='ocrx_word' id='word_1_51' title='bbox 2251 1242 2376 1292; x_wconf 80' lang='lat' dir='ltr'><strong>idem</strong></span> <span class='ocrx_word' id='word_1_52' title='bbox 2413 1243 2683 1291; x_wconf 63' lang='lat' dir='ltr'><strong>moderator</strong></span> <span class='ocrx_word' id='word_1_53' title='bbox 2708 1271 2719 1274; x_wconf 94' lang='lat'><em>-</em></span> 
     </span>
     <span class='ocr_line' id='line_1_11' title="bbox 474 1306 2684 1373; baseline -0.002 -14"><span class='ocrx_word' id='word_1_54' title='bbox 474 1310 635 1373; x_wconf 74' lang='lat' dir='ltr'><strong>rapiat</strong></span> <span class='ocrx_word' id='word_1_55' title='bbox 676 1311 854 1359; x_wconf 80' lang='lat' dir='ltr'><strong>Coelum</strong></span> <span class='ocrx_word' id='word_1_56' title='bbox 892 1310 1102 1359; x_wconf 75' lang='lat' dir='ltr'><strong>cursibus</strong></span> <span class='ocrx_word' id='word_1_57' title='bbox 1136 1310 1351 1370; x_wconf 75' lang='lat' dir='ltr'><strong>diversis,</strong></span> <span class='ocrx_word' id='word_1_58' title='bbox 1387 1324 1450 1358; x_wconf 81' lang='grc' dir='ltr'><strong>αιι</strong></span> <span class='ocrx_word' id='word_1_59' title='bbox 1487 1311 1591 1357; x_wconf 79' lang='lat' dir='ltr'><strong>duae</strong></span> <span class='ocrx_word' id='word_1_60' title='bbox 1625 1308 2004 1369; x_wconf 77' lang='lat' dir='ltr'><strong>Intelligentiae3</strong></span> <span class='ocrx_word' id='word_1_61' title='bbox 2036 1323 2098 1356; x_wconf 81' lang='lat' dir='ltr'><strong>an</strong></span> <span class='ocrx_word' id='word_1_62' title='bbox 2119 1309 2244 1357; x_wconf 86' lang='lat' dir='ltr'><strong>color</strong></span> <span class='ocrx_word' id='word_1_63' title='bbox 2262 1306 2481 1372; x_wconf 76' lang='lat' dir='ltr'><strong>proprius</strong></span> <span class='ocrx_word' id='word_1_64' title='bbox 2504 1307 2684 1355; x_wconf 67' lang='lat' dir='ltr'><strong>ltoereat</strong></span> 
     </span>
     <span class='ocr_line' id='line_1_12' title="bbox 475 1372 2691 1437; baseline -0.002 -13"><span class='ocrx_word' id='word_1_65' title='bbox 475 1376 530 1424; x_wconf 76' lang='lat' dir='ltr'><strong>in</strong></span> <span class='ocrx_word' id='word_1_66' title='bbox 559 1375 713 1434; x_wconf 77' lang='lat' dir='ltr'><strong>rebus,</strong></span> <span class='ocrx_word' id='word_1_67' title='bbox 735 1390 797 1423; x_wconf 78' lang='lat' dir='ltr'><strong>an</strong></span> <span class='ocrx_word' id='word_1_68' title='bbox 834 1390 910 1424; x_wconf 83' lang='lat' dir='ltr'><strong>res</strong></span> <span class='ocrx_word' id='word_1_69' title='bbox 932 1375 1116 1435; x_wconf 71' lang='lat' dir='ltr'><strong>fallant</strong></span> <span class='ocrx_word' id='word_1_70' title='bbox 1148 1377 1301 1424; x_wconf 82' lang='lat' dir='ltr'><strong>oculos</strong></span> <span class='ocrx_word' id='word_1_71' title='bbox 1331 1388 1605 1436; x_wconf 73' lang='lat' dir='ltr'><strong>repercussu</strong></span> <span class='ocrx_word' id='word_1_72' title='bbox 1635 1374 1782 1431; x_wconf 58' lang='lat' dir='ltr'><strong>lucin</strong></span> <span class='ocrx_word' id='word_1_73' title='bbox 1824 1374 1905 1437; x_wconf 77' lang='lat' dir='ltr'><strong>qui</strong></span> <span class='ocrx_word' id='word_1_74' title='bbox 1938 1375 2076 1423; x_wconf 73' lang='lat' dir='ltr'><strong>Ima</strong></span> <span class='ocrx_word' id='word_1_75' title='bbox 2107 1374 2205 1421; x_wconf 79' lang='lat' dir='ltr'><strong>alat</strong></span> <span class='ocrx_word' id='word_1_76' title='bbox 2241 1378 2385 1422; x_wconf 67' lang='lat' dir='ltr'><strong>oeatus</strong></span> <span class='ocrx_word' id='word_1_77' title='bbox 2422 1372 2691 1434; x_wconf 72' lang='lat' dir='ltr'><strong>reciprocos</strong></span> 
     </span>
     <span class='ocr_line' id='line_1_13' title="bbox 477 1411 2686 1504; baseline -0.002 -14"><span class='ocrx_word' id='word_1_78' title='bbox 477 1411 727 1500; x_wconf 74' lang='lat' dir='ltr'><strong>tumefacti</strong></span> <span class='ocrx_word' id='word_1_79' title='bbox 747 1443 926 1497; x_wconf 80' lang='lat' dir='ltr'><strong>maris;</strong></span> <span class='ocrx_word' id='word_1_80' title='bbox 966 1456 1056 1504; x_wconf 84' lang='lat' dir='ltr'><strong>quo</strong></span> <span class='ocrx_word' id='word_1_81' title='bbox 1076 1445 1213 1490; x_wconf 81' lang='lat' dir='ltr'><strong>vento</strong></span> <span class='ocrx_word' id='word_1_82' title='bbox 1224 1439 1438 1499; x_wconf 78' lang='lat' dir='ltr'><strong>fulmina</strong></span> <span class='ocrx_word' id='word_1_83' title='bbox 1466 1440 1742 1501; x_wconf 77' lang='lat' dir='ltr'><strong>placentur,-</strong></span> <span class='ocrx_word' id='word_1_84' title='bbox 1783 1440 1895 1502; x_wconf 78' lang='lat' dir='ltr'><strong>quid</strong></span> <span class='ocrx_word' id='word_1_85' title='bbox 1933 1439 2145 1487; x_wconf 75' lang='lat' dir='ltr'><strong>attrahat</strong></span> <span class='ocrx_word' id='word_1_86' title='bbox 2165 1438 2344 1488; x_wconf 73' lang='lat' dir='ltr'><strong>nimbos</strong></span> <span class='ocrx_word' id='word_1_87' title='bbox 2367 1437 2571 1501; x_wconf 78' lang='lat' dir='ltr'><strong>pluvios,</strong></span> <span class='ocrx_word' id='word_1_88' title='bbox 2593 1452 2686 1500; x_wconf 76' lang='lat' dir='ltr'><strong>qua</strong></span> 
     </span>
    </p>
   </div>
   <div class='ocr_carea' id='block_1_6' title="bbox 1398 1578 1753 1599">
    <p class='ocr_par' dir='ltr' id='par_1_6' title="bbox 1398 1578 1753 1599">
     <span class='ocr_line' id='line_1_14' title="bbox 1398 1578 1753 1599; baseline -0.006 -1"><span class='ocrx_word' id='word_1_89' title='bbox 1398 1578 1632 1599; x_wconf 58' lang='lat' dir='ltr'><strong>‘octone</strong></span> <span class='ocrx_word' id='word_1_90' title='bbox 1666 1578 1753 1598; x_wconf 54' lang='lat' dir='ltr'><strong>‘O&#39;</strong></span> 
     </span>
    </p>
   </div>
   <div class='ocr_carea' id='block_1_7' title="bbox 474 1680 2737 2919">
    <p class='ocr_par' dir='ltr' id='par_1_7' title="bbox 476 1680 2689 1796">
     <span class='ocr_line' id='line_1_15' title="bbox 476 1680 2689 1796; baseline 0.001 -64"><span class='ocrx_word' id='word_1_91' title='bbox 476 1680 1210 1748; x_wconf 71' lang='lat' dir='ltr'><strong>queed.Vicet.Impu1eritque</strong></span> <span class='ocrx_word' id='word_1_92' title='bbox 1228 1682 1329 1731; x_wconf 91' lang='lat' dir='ltr'><strong>duo</strong></span> <span class='ocrx_word' id='word_1_93' title='bbox 1354 1682 1539 1732; x_wconf 86' lang='lat' dir='ltr'><strong>Leidd.</strong></span> <span class='ocrx_word' id='word_1_94' title='bbox 1564 1689 1618 1732; x_wconf 91' lang='lat' dir='ltr'><strong>et</strong></span> <span class='ocrx_word' id='word_1_95' title='bbox 1639 1682 1824 1796; x_wconf 53' lang='lat' dir='ltr'><strong>Viffnti</strong></span> <span class='ocrx_word' id='word_1_96' title='bbox 1844 1682 1945 1733; x_wconf 90' lang='lat' dir='ltr'><strong>duo</strong></span> <span class='ocrx_word' id='word_1_97' title='bbox 1969 1684 2074 1747; x_wconf 89' lang='lat' dir='ltr'><strong>alii,</strong></span> <span class='ocrx_word' id='word_1_98' title='bbox 2099 1684 2228 1733; x_wconf 86' lang='lat' dir='ltr'><strong>Exc.</strong></span> <span class='ocrx_word' id='word_1_99' title='bbox 2253 1684 2467 1734; x_wconf 84' lang='lat' dir='ltr'><strong>Gevart.</strong></span> <span class='ocrx_word' id='word_1_100' title='bbox 2478 1685 2689 1734; x_wconf 88' lang='lat' dir='ltr'><strong>Schott.</strong></span> 
     </span>
    </p>

    <p class='ocr_par' dir='ltr' id='par_1_8' title="bbox 477 1749 2688 1813">
     <span class='ocr_line' id='line_1_16' title="bbox 477 1749 2688 1813; baseline 0.001 -16"><span class='ocrx_word' id='word_1_101' title='bbox 477 1755 532 1797; x_wconf 90' lang='lat' dir='ltr'><strong>et</strong></span> <span class='ocrx_word' id='word_1_102' title='bbox 557 1749 776 1799; x_wconf 90' lang='lat' dir='ltr'><strong>Lucens.</strong></span> <span class='ocrx_word' id='word_1_103' title='bbox 818 1763 895 1812; x_wconf 89' lang='lat' dir='ltr'><strong>pr.</strong></span> <span class='ocrx_word' id='word_1_104' title='bbox 929 1749 1056 1798; x_wconf 80' lang='lat' dir='ltr'><strong>Var.</strong></span> <span class='ocrx_word' id='word_1_105' title='bbox 1093 1749 1205 1799; x_wconf 88' lang='lat' dir='ltr'><strong>LL.</strong></span> <span class='ocrx_word' id='word_1_106' title='bbox 1229 1762 1423 1812; x_wconf 85' lang='lat' dir='ltr'><strong>emarg</strong></span> <span class='ocrx_word' id='word_1_107' title='bbox 1425 1749 1632 1798; x_wconf 88' lang='lat' dir='ltr'><strong>.Parm</strong></span> <span class='ocrx_word' id='word_1_108' title='bbox 1743 1749 1792 1796; x_wconf 88' lang='lat' dir='ltr'><strong>ld</strong></span> <span class='ocrx_word' id='word_1_109' title='bbox 1847 1749 1955 1812; x_wconf 85' lang='lat' dir='ltr'><strong>Imp</strong></span> <span class='ocrx_word' id='word_1_110' title='bbox 1958 1750 2126 1813; x_wconf 78' lang='lat' dir='ltr'><strong>nleritq</strong></span> <span class='ocrx_word' id='word_1_111' title='bbox 2127 1764 2184 1798; x_wconf 76' lang='lat' dir='ltr'><strong>ue</strong></span> <span class='ocrx_word' id='word_1_112' title='bbox 2204 1753 2331 1813; x_wconf 84' lang='lat' dir='ltr'><strong>polos</strong></span> <span class='ocrx_word' id='word_1_113' title='bbox 2351 1749 2534 1799; x_wconf 88' lang='lat' dir='ltr'><strong>Ambr.</strong></span> <span class='ocrx_word' id='word_1_114' title='bbox 2559 1756 2688 1801; x_wconf 82' lang='lat' dir='ltr'><strong>tert.</strong></span> 
     </span>
    </p>

    <p class='ocr_par' dir='ltr' id='par_1_9' title="bbox 478 1813 2689 1878">
     <span class='ocr_line' id='line_1_17' title="bbox 478 1813 2689 1878; baseline 0.001 -16"><span class='ocrx_word' id='word_1_115' title='bbox 478 1814 813 1878; x_wconf 78' lang='lat' dir='ltr'><strong>Impuleritque</strong></span> <span class='ocrx_word' id='word_1_116' title='bbox 849 1814 1007 1862; x_wconf 75' lang='lat' dir='ltr'><strong>choris</strong></span> <span class='ocrx_word' id='word_1_117' title='bbox 1039 1818 1167 1868; x_wconf 85' lang='lat' dir='ltr'><strong>Jun.</strong></span> <span class='ocrx_word' id='word_1_118' title='bbox 1211 1829 1291 1877; x_wconf 89' lang='lat' dir='ltr'><strong>pr.</strong></span> <span class='ocrx_word' id='word_1_119' title='bbox 1346 1814 1512 1863; x_wconf 77' lang='lat' dir='ltr'><strong>choros</strong></span> <span class='ocrx_word' id='word_1_120' title='bbox 1545 1814 1648 1862; x_wconf 91' lang='lat' dir='ltr'><strong>duo</strong></span> <span class='ocrx_word' id='word_1_121' title='bbox 1683 1813 1866 1863; x_wconf 87' lang='lat' dir='ltr'><strong>Leidd.</strong></span> <span class='ocrx_word' id='word_1_122' title='bbox 1908 1815 2122 1864; x_wconf 85' lang='lat' dir='ltr'><strong>totidem</strong></span> <span class='ocrx_word' id='word_1_123' title='bbox 2148 1816 2318 1864; x_wconf 85' lang='lat' dir='ltr'><strong>Oxou.</strong></span> <span class='ocrx_word' id='word_1_124' title='bbox 2335 1816 2461 1878; x_wconf 86' lang='lat' dir='ltr'><strong>Reg.</strong></span> <span class='ocrx_word' id='word_1_125' title='bbox 2485 1816 2689 1867; x_wconf 85' lang='lat' dir='ltr'><strong>Mazar.</strong></span> 
     </span>
    </p>

    <p class='ocr_par' dir='ltr' id='par_1_10' title="bbox 475 1878 2693 1943">
     <span class='ocr_line' id='line_1_18' title="bbox 475 1878 2693 1943; baseline 0 -15"><span class='ocrx_word' id='word_1_126' title='bbox 475 1878 577 1928; x_wconf 91' lang='lat' dir='ltr'><strong>duo</strong></span> <span class='ocrx_word' id='word_1_127' title='bbox 596 1879 739 1928; x_wconf 82' lang='lat' dir='ltr'><strong>Vatt.</strong></span> <span class='ocrx_word' id='word_1_128' title='bbox 765 1878 867 1928; x_wconf 91' lang='lat' dir='ltr'><strong>duo</strong></span> <span class='ocrx_word' id='word_1_129' title='bbox 886 1880 1244 1931; x_wconf 71' lang='lat' dir='ltr'><strong>Petav..chao⁸</strong></span> <span class='ocrx_word' id='word_1_130' title='bbox 1266 1879 1410 1928; x_wconf 88' lang='lat' dir='ltr'><strong>Med.</strong></span> <span class='ocrx_word' id='word_1_131' title='bbox 1437 1885 1609 1943; x_wconf 84' lang='lat' dir='ltr'><strong>quart.</strong></span> <span class='ocrx_word' id='word_1_132' title='bbox 1632 1878 1758 1928; x_wconf 90' lang='lat' dir='ltr'><strong>Put.</strong></span> <span class='ocrx_word' id='word_1_133' title='bbox 1780 1878 1982 1928; x_wconf 88' lang='lat' dir='ltr'><strong>Thuan.</strong></span> <span class='ocrx_word' id='word_1_134' title='bbox 2006 1880 2206 1928; x_wconf 87' lang='lat' dir='ltr'><strong>Bonon.</strong></span> <span class='ocrx_word' id='word_1_135' title='bbox 2238 1880 2359 1930; x_wconf 89' lang='lat' dir='ltr'><strong>Pat.</strong></span> <span class='ocrx_word' id='word_1_136' title='bbox 2383 1881 2559 1929; x_wconf 84' lang='lat' dir='ltr'><strong>Oxou.</strong></span> <span class='ocrx_word' id='word_1_137' title='bbox 2578 1896 2693 1930; x_wconf 81' lang='lat' dir='ltr'><strong>sec.</strong></span> 
     </span>
    </p>

    <p class='ocr_par' dir='ltr' id='par_1_11' title="bbox 474 1943 2705 2266">
     <span class='ocr_line' id='line_1_19' title="bbox 474 1943 2691 2006; baseline 0.001 -14"><span class='ocrx_word' id='word_1_138' title='bbox 474 1943 625 1993; x_wconf 86' lang='lat' dir='ltr'><strong>Leid.</strong></span> <span class='ocrx_word' id='word_1_139' title='bbox 656 1959 763 1993; x_wconf 86' lang='lat' dir='ltr'><strong>sec.</strong></span> <span class='ocrx_word' id='word_1_140' title='bbox 797 1960 864 1993; x_wconf 89' lang='grc' dir='ltr'><strong>ιιι.</strong></span> <span class='ocrx_word' id='word_1_141' title='bbox 900 1959 1004 1993; x_wconf 90' lang='lat' dir='ltr'><strong>sec.</strong></span> <span class='ocrx_word' id='word_1_142' title='bbox 1028 1946 1217 1994; x_wconf 86' lang='lat' dir='ltr'><strong>Petav.</strong></span> <span class='ocrx_word' id='word_1_143' title='bbox 1243 1949 1365 1993; x_wconf 86' lang='lat' dir='ltr'><strong>tert.</strong></span> <span class='ocrx_word' id='word_1_144' title='bbox 1396 1944 1523 1994; x_wconf 78' lang='lat' dir='ltr'><strong>V&#39;ar.</strong></span> <span class='ocrx_word' id='word_1_145' title='bbox 1546 1944 1650 1991; x_wconf 89' lang='lat' dir='ltr'><strong>LL.</strong></span> <span class='ocrx_word' id='word_1_146' title='bbox 1676 1957 1888 2006; x_wconf 86' lang='lat' dir='ltr'><strong>emarg.</strong></span> <span class='ocrx_word' id='word_1_147' title='bbox 1912 1944 2086 1993; x_wconf 89' lang='lat' dir='ltr'><strong>Parm.</strong></span> <span class='ocrx_word' id='word_1_148' title='bbox 2109 1943 2230 1993; x_wconf 88' lang='lat' dir='ltr'><strong>Ald.</strong></span> <span class='ocrx_word' id='word_1_149' title='bbox 2263 1946 2400 1994; x_wconf 79' lang='lat' dir='ltr'><strong>chaos</strong></span> <span class='ocrx_word' id='word_1_150' title='bbox 2418 1946 2501 1993; x_wconf 90' lang='lat' dir='ltr'><strong>vel</strong></span> <span class='ocrx_word' id='word_1_151' title='bbox 2523 1945 2691 1996; x_wconf 80' lang='lat' dir='ltr'><strong>choros</strong></span> 
     </span>
     <span class='ocr_line' id='line_1_20' title="bbox 475 2008 2690 2073; baseline 0.002 -17"><span class='ocrx_word' id='word_1_152' title='bbox 475 2009 597 2058; x_wconf 88' lang='lat' dir='ltr'><strong>Vat.</strong></span> <span class='ocrx_word' id='word_1_153' title='bbox 625 2024 699 2072; x_wconf 89' lang='lat' dir='ltr'><strong>pr.</strong></span> <span class='ocrx_word' id='word_1_154' title='bbox 727 2010 851 2058; x_wconf 72' lang='lat' dir='ltr'><strong>LoV.</strong></span> <span class='ocrx_word' id='word_1_155' title='bbox 876 2011 1005 2058; x_wconf 83' lang='lat' dir='ltr'><strong>Exc.</strong></span> <span class='ocrx_word' id='word_1_156' title='bbox 1032 2010 1246 2059; x_wconf 85' lang='lat' dir='ltr'><strong>Gevart.</strong></span> <span class='ocrx_word' id='word_1_157' title='bbox 1296 2008 1455 2058; x_wconf 80' lang='lat' dir='ltr'><strong>vincat</strong></span> <span class='ocrx_word' id='word_1_158' title='bbox 1490 2009 1604 2057; x_wconf 86' lang='lat' dir='ltr'><strong>Pal.</strong></span> <span class='ocrx_word' id='word_1_159' title='bbox 1629 2009 1860 2058; x_wconf 77' lang='lat' dir='ltr'><strong>Floreat.</strong></span> <span class='ocrx_word' id='word_1_160' title='bbox 1885 2009 2028 2058; x_wconf 89' lang='lat' dir='ltr'><strong>Med.</strong></span> <span class='ocrx_word' id='word_1_161' title='bbox 2052 2024 2130 2073; x_wconf 85' lang='lat' dir='ltr'><strong>pr.</strong></span> <span class='ocrx_word' id='word_1_162' title='bbox 2153 2011 2277 2061; x_wconf 84' lang='lat' dir='ltr'><strong>Jun.</strong></span> <span class='ocrx_word' id='word_1_163' title='bbox 2301 2025 2380 2073; x_wconf 89' lang='lat' dir='ltr'><strong>pr.</strong></span> <span class='ocrx_word' id='word_1_164' title='bbox 2401 2010 2690 2060; x_wconf 59' lang='lat' dir='ltr'><strong>Tholosae—</strong></span> 
     </span>
     <span class='ocr_line' id='line_1_21' title="bbox 478 2073 2699 2147; baseline 0 -24"><span class='ocrx_word' id='word_1_165' title='bbox 478 2079 572 2123; x_wconf 79' lang='lat'><strong>103</strong></span> <span class='ocrx_word' id='word_1_166' title='bbox 606 2089 710 2122; x_wconf 79' lang='lat' dir='ltr'><strong>cum</strong></span> <span class='ocrx_word' id='word_1_167' title='bbox 734 2074 929 2123; x_wconf 87' lang='lat' dir='ltr'><strong>Mazar.</strong></span> <span class='ocrx_word' id='word_1_168' title='bbox 978 2076 1232 2124; x_wconf 76' lang='lat' dir='ltr'><strong>mittuntur</strong></span> <span class='ocrx_word' id='word_1_169' title='bbox 1260 2073 1381 2123; x_wconf 86' lang='lat' dir='ltr'><strong>Vat.</strong></span> <span class='ocrx_word' id='word_1_170' title='bbox 1402 2074 1566 2138; x_wconf 89' lang='lat' dir='ltr'><strong>quint.</strong></span> <span class='ocrx_word' id='word_1_171' title='bbox 1622 2079 1778 2122; x_wconf 78' lang='lat' dir='ltr'><strong>ortum</strong></span> <span class='ocrx_word' id='word_1_172' title='bbox 1814 2073 1956 2124; x_wconf 84' lang='lat' dir='ltr'><strong>Prie.</strong></span> <span class='ocrx_word' id='word_1_173' title='bbox 1994 2074 2289 2138; x_wconf 75' lang='lat' dir='ltr'><strong>Reg.-1o4</strong></span> <span class='ocrx_word' id='word_1_174' title='bbox 2318 2074 2526 2123; x_wconf 68' lang='lat' dir='ltr'><strong>variisne</strong></span> <span class='ocrx_word' id='word_1_175' title='bbox 2549 2076 2699 2147; x_wconf 27' lang='lat' dir='ltr'><strong>Reg*</strong></span> 
     </span>
     <span class='ocr_line' id='line_1_22' title="bbox 475 2137 2705 2205; baseline 0.001 -18"><span class='ocrx_word' id='word_1_176' title='bbox 475 2139 672 2188; x_wconf 79' lang='lat' dir='ltr'><strong>Tbuan.</strong></span> <span class='ocrx_word' id='word_1_177' title='bbox 706 2139 901 2189; x_wconf 79' lang='lat' dir='ltr'><strong>Mazar.</strong></span> <span class='ocrx_word' id='word_1_178' title='bbox 936 2139 1121 2189; x_wconf 90' lang='lat' dir='ltr'><strong>Petav.</strong></span> <span class='ocrx_word' id='word_1_179' title='bbox 1147 2155 1224 2203; x_wconf 90' lang='lat' dir='ltr'><strong>pr.</strong></span> <span class='ocrx_word' id='word_1_180' title='bbox 1250 2139 1450 2188; x_wconf 90' lang='lat' dir='ltr'><strong>Bouon.</strong></span> <span class='ocrx_word' id='word_1_181' title='bbox 1488 2137 1665 2188; x_wconf 87' lang='lat' dir='ltr'><strong>Ambr.</strong></span> <span class='ocrx_word' id='word_1_182' title='bbox 1702 2152 1781 2201; x_wconf 89' lang='lat' dir='ltr'><strong>p.r</strong></span> <span class='ocrx_word' id='word_1_183' title='bbox 1816 2138 2006 2188; x_wconf 87' lang='lat' dir='ltr'><strong>Moret.</strong></span> <span class='ocrx_word' id='word_1_184' title='bbox 2029 2154 2132 2189; x_wconf 87' lang='lat' dir='ltr'><strong>sec.</strong></span> <span class='ocrx_word' id='word_1_185' title='bbox 2157 2140 2280 2191; x_wconf 88' lang='lat' dir='ltr'><strong>Jun.</strong></span> <span class='ocrx_word' id='word_1_186' title='bbox 2304 2154 2382 2202; x_wconf 89' lang='lat' dir='ltr'><strong>pr.</strong></span> <span class='ocrx_word' id='word_1_187' title='bbox 2405 2140 2581 2189; x_wconf 83' lang='lat' dir='ltr'><strong>Oxou.</strong></span> <span class='ocrx_word' id='word_1_188' title='bbox 2607 2149 2705 2205; x_wconf 71' lang='lat' dir='ltr'><strong>pr:-</strong></span> 
     </span>
     <span class='ocr_line' id='line_1_23' title="bbox 476 2203 2691 2266; baseline 0 -13"><span class='ocrx_word' id='word_1_189' title='bbox 476 2204 624 2253; x_wconf 85' lang='lat' dir='ltr'><strong>Med.</strong></span> <span class='ocrx_word' id='word_1_190' title='bbox 649 2210 771 2252; x_wconf 90' lang='lat' dir='ltr'><strong>tert.</strong></span> <span class='ocrx_word' id='word_1_191' title='bbox 793 2205 916 2253; x_wconf 87' lang='lat' dir='ltr'><strong>Vat.</strong></span> <span class='ocrx_word' id='word_1_192' title='bbox 945 2203 1111 2253; x_wconf 87' lang='lat' dir='ltr'><strong>Livin.</strong></span> <span class='ocrx_word' id='word_1_193' title='bbox 1137 2206 1264 2253; x_wconf 82' lang='lat' dir='ltr'><strong>Exc.</strong></span> <span class='ocrx_word' id='word_1_194' title='bbox 1282 2206 1504 2253; x_wconf 88' lang='lat' dir='ltr'><strong>Lucens.</strong></span> <span class='ocrx_word' id='word_1_195' title='bbox 1530 2217 1634 2252; x_wconf 88' lang='lat' dir='ltr'><strong>sec.</strong></span> <span class='ocrx_word' id='word_1_196' title='bbox 1665 2203 1899 2266; x_wconf 73' lang='lat' dir='ltr'><strong>variisque</strong></span> <span class='ocrx_word' id='word_1_197' title='bbox 1917 2203 2018 2253; x_wconf 92' lang='lat' dir='ltr'><strong>duo</strong></span> <span class='ocrx_word' id='word_1_198' title='bbox 2047 2204 2184 2254; x_wconf 85' lang='lat' dir='ltr'><strong>Vatt.</strong></span> <span class='ocrx_word' id='word_1_199' title='bbox 2204 2204 2318 2254; x_wconf 89' lang='lat' dir='ltr'><strong>Pal.</strong></span> <span class='ocrx_word' id='word_1_200' title='bbox 2342 2206 2488 2253; x_wconf 84' lang='lat' dir='ltr'><strong>Rott.</strong></span> <span class='ocrx_word' id='word_1_201' title='bbox 2523 2204 2691 2257; x_wconf 79' lang='lat' dir='ltr'><strong>Oisel.</strong></span> 
     </span>
    </p>

    <p class='ocr_par' dir='ltr' id='par_1_12' title="bbox 474 2268 2737 2919">
     <span class='ocr_line' id='line_1_24' title="bbox 475 2268 2693 2333; baseline 0.002 -17"><span class='ocrx_word' id='word_1_202' title='bbox 475 2268 679 2317; x_wconf 57' lang='lat' dir='ltr'><strong>variisne</strong></span> <span class='ocrx_word' id='word_1_203' title='bbox 699 2269 823 2317; x_wconf 87' lang='lat' dir='ltr'><strong>Vat.</strong></span> <span class='ocrx_word' id='word_1_204' title='bbox 846 2284 923 2331; x_wconf 86' lang='lat' dir='ltr'><strong>pr.</strong></span> <span class='ocrx_word' id='word_1_205' title='bbox 944 2274 999 2317; x_wconf 89' lang='lat' dir='ltr'><strong>et</strong></span> <span class='ocrx_word' id='word_1_206' title='bbox 1059 2277 1191 2318; x_wconf 82' lang='lat' dir='ltr'><strong>uart.</strong></span> <span class='ocrx_word' id='word_1_207' title='bbox 1211 2268 1399 2318; x_wconf 87' lang='lat' dir='ltr'><strong>Sched.</strong></span> <span class='ocrx_word' id='word_1_208' title='bbox 1426 2269 1567 2319; x_wconf 83' lang='lat' dir='ltr'><strong>Gud.</strong></span> <span class='ocrx_word' id='word_1_209' title='bbox 1569 2271 1728 2316; x_wconf 83' lang='lat'><strong>—105</strong></span> <span class='ocrx_word' id='word_1_210' title='bbox 1754 2268 1983 2317; x_wconf 73' lang='lat' dir='ltr'><strong>Ambitus</strong></span> <span class='ocrx_word' id='word_1_211' title='bbox 1993 2269 2131 2319; x_wconf 88' lang='lat' dir='ltr'><strong>Prie.</strong></span> <span class='ocrx_word' id='word_1_212' title='bbox 2155 2284 2222 2319; x_wconf 90' lang='grc' dir='ltr'><strong>ιιι.</strong></span> <span class='ocrx_word' id='word_1_213' title='bbox 2248 2284 2326 2332; x_wconf 90' lang='lat' dir='ltr'><strong>pr.</strong></span> <span class='ocrx_word' id='word_1_214' title='bbox 2359 2285 2462 2318; x_wconf 78' lang='lat' dir='ltr'><strong>cum</strong></span> <span class='ocrx_word' id='word_1_215' title='bbox 2483 2276 2693 2333; x_wconf 78' lang='lat' dir='ltr'><strong>vergant</strong></span> 
     </span>
     <span class='ocr_line' id='line_1_25' title="bbox 474 2332 2694 2398; baseline 0.001 -14"><span class='ocrx_word' id='word_1_216' title='bbox 474 2334 602 2384; x_wconf 79' lang='lat' dir='ltr'><strong>Jun.</strong></span> <span class='ocrx_word' id='word_1_217' title='bbox 629 2348 709 2396; x_wconf 90' lang='lat' dir='ltr'><strong>pr.</strong></span> <span class='ocrx_word' id='word_1_218' title='bbox 744 2333 899 2382; x_wconf 74' lang='lat' dir='ltr'><strong>sidera</strong></span> <span class='ocrx_word' id='word_1_219' title='bbox 921 2335 1068 2383; x_wconf 91' lang='lat' dir='ltr'><strong>Me.</strong></span> <span class='ocrx_word' id='word_1_220' title='bbox 1094 2342 1264 2398; x_wconf 85' lang='lat' dir='ltr'><strong>quart.</strong></span> <span class='ocrx_word' id='word_1_221' title='bbox 1279 2335 1403 2383; x_wconf 77' lang='lat' dir='ltr'><strong>Var-</strong></span> <span class='ocrx_word' id='word_1_222' title='bbox 1423 2334 1532 2383; x_wconf 89' lang='lat' dir='ltr'><strong>LL.</strong></span> <span class='ocrx_word' id='word_1_223' title='bbox 1557 2347 1767 2396; x_wconf 84' lang='lat' dir='ltr'><strong>emarg.</strong></span> <span class='ocrx_word' id='word_1_224' title='bbox 1793 2334 1965 2385; x_wconf 85' lang='lat' dir='ltr'><strong>Parm.</strong></span> <span class='ocrx_word' id='word_1_225' title='bbox 1984 2336 2113 2384; x_wconf 84' lang='lat' dir='ltr'><strong>Exc.</strong></span> <span class='ocrx_word' id='word_1_226' title='bbox 2136 2332 2338 2383; x_wconf 89' lang='lat' dir='ltr'><strong>Ruben.</strong></span> <span class='ocrx_word' id='word_1_227' title='bbox 2355 2334 2477 2383; x_wconf 90' lang='lat' dir='ltr'><strong>Ald.</strong></span> <span class='ocrx_word' id='word_1_228' title='bbox 2516 2342 2572 2383; x_wconf 89' lang='lat' dir='ltr'><strong>et</strong></span> <span class='ocrx_word' id='word_1_229' title='bbox 2606 2336 2694 2386; x_wconf 90' lang='lat' dir='ltr'><strong>ed.</strong></span> 
     </span>
     <span class='ocr_line' id='line_1_26' title="bbox 476 2398 2704 2463; baseline 0.001 -15"><span class='ocrx_word' id='word_1_230' title='bbox 476 2398 650 2448; x_wconf 85' lang='lat' dir='ltr'><strong>Vicet.</strong></span> <span class='ocrx_word' id='word_1_231' title='bbox 681 2398 861 2447; x_wconf 69' lang='lat' dir='ltr'><strong>oethera</strong></span> <span class='ocrx_word' id='word_1_232' title='bbox 880 2399 1003 2448; x_wconf 87' lang='lat' dir='ltr'><strong>Vat.</strong></span> <span class='ocrx_word' id='word_1_233' title='bbox 1024 2400 1189 2448; x_wconf 88' lang='lat' dir='ltr'><strong>Livin.</strong></span> <span class='ocrx_word' id='word_1_234' title='bbox 1214 2402 1342 2449; x_wconf 88' lang='lat' dir='ltr'><strong>Exc.</strong></span> <span class='ocrx_word' id='word_1_235' title='bbox 1367 2400 1504 2447; x_wconf 85' lang='lat' dir='ltr'><strong>Laeti</strong></span> <span class='ocrx_word' id='word_1_236' title='bbox 1543 2404 1598 2447; x_wconf 88' lang='lat' dir='ltr'><strong>et</strong></span> <span class='ocrx_word' id='word_1_237' title='bbox 1630 2398 1848 2447; x_wconf 75' lang='lat' dir='ltr'><strong>LucenS.</strong></span> <span class='ocrx_word' id='word_1_238' title='bbox 1879 2404 2120 2463; x_wconf 86' lang='lat' dir='ltr'><strong>pr.—106</strong></span> <span class='ocrx_word' id='word_1_239' title='bbox 2152 2399 2287 2448; x_wconf 71' lang='lat' dir='ltr'><strong>Sitne</strong></span> <span class='ocrx_word' id='word_1_240' title='bbox 2323 2401 2520 2449; x_wconf 87' lang='lat' dir='ltr'><strong>Mazar.</strong></span> <span class='ocrx_word' id='word_1_241' title='bbox 2562 2400 2704 2450; x_wconf 65' lang='lat' dir='ltr'><strong>Par.-</strong></span> 
     </span>
     <span class='ocr_line' id='line_1_27' title="bbox 475 2464 2694 2528; baseline 0.002 -16"><span class='ocrx_word' id='word_1_242' title='bbox 475 2478 632 2513; x_wconf 78' lang='lat' dir='ltr'><strong>rerum</strong></span> <span class='ocrx_word' id='word_1_243' title='bbox 649 2464 868 2527; x_wconf 79' lang='lat' dir='ltr'><strong>proprius</strong></span> <span class='ocrx_word' id='word_1_244' title='bbox 885 2466 1029 2515; x_wconf 86' lang='lat' dir='ltr'><strong>Pric.</strong></span> <span class='ocrx_word' id='word_1_245' title='bbox 1079 2464 1317 2528; x_wconf 71' lang='lat' dir='ltr'><strong>stellisque</strong></span> <span class='ocrx_word' id='word_1_246' title='bbox 1339 2466 1524 2515; x_wconf 84' lang='lat' dir='ltr'><strong>Petav.</strong></span> <span class='ocrx_word' id='word_1_247' title='bbox 1560 2469 1684 2513; x_wconf 82' lang='lat' dir='ltr'><strong>tert.</strong></span> <span class='ocrx_word' id='word_1_248' title='bbox 1722 2479 1792 2513; x_wconf 88' lang='lat' dir='ltr'><strong>m.</strong></span> <span class='ocrx_word' id='word_1_249' title='bbox 1817 2479 1894 2527; x_wconf 87' lang='lat' dir='ltr'><strong>pr.</strong></span> <span class='ocrx_word' id='word_1_250' title='bbox 1934 2466 2106 2514; x_wconf 78' lang='lat' dir='ltr'><strong>lucisve</strong></span> <span class='ocrx_word' id='word_1_251' title='bbox 2130 2466 2471 2515; x_wconf 62' lang='lat' dir='ltr'><strong>Pan-Tholas.</strong></span> <span class='ocrx_word' id='word_1_252' title='bbox 2510 2467 2694 2517; x_wconf 76' lang='lat' dir='ltr'><strong>lucisne</strong></span> 
     </span>
     <span class='ocr_line' id='line_1_28' title="bbox 478 2529 2692 2594; baseline 0.002 -17"><span class='ocrx_word' id='word_1_253' title='bbox 478 2535 583 2578; x_wconf 85' lang='lat' dir='ltr'><strong>tres</strong></span> <span class='ocrx_word' id='word_1_254' title='bbox 620 2529 767 2578; x_wconf 87' lang='lat' dir='ltr'><strong>Vatt.</strong></span> <span class='ocrx_word' id='word_1_255' title='bbox 804 2530 957 2578; x_wconf 88' lang='lat' dir='ltr'><strong>Farn.</strong></span> <span class='ocrx_word' id='word_1_256' title='bbox 1003 2530 1142 2581; x_wconf 91' lang='lat' dir='ltr'><strong>Pric.</strong></span> <span class='ocrx_word' id='word_1_257' title='bbox 1180 2532 1325 2580; x_wconf 89' lang='lat' dir='ltr'><strong>Med.</strong></span> <span class='ocrx_word' id='word_1_258' title='bbox 1369 2536 1491 2579; x_wconf 85' lang='lat' dir='ltr'><strong>tert.</strong></span> <span class='ocrx_word' id='word_1_259' title='bbox 1514 2531 1647 2592; x_wconf 81' lang='lat' dir='ltr'><strong>Reg.</strong></span> <span class='ocrx_word' id='word_1_260' title='bbox 1668 2530 1863 2579; x_wconf 83' lang='lat' dir='ltr'><strong>Thuan.</strong></span> <span class='ocrx_word' id='word_1_261' title='bbox 1887 2531 2082 2580; x_wconf 82' lang='lat' dir='ltr'><strong>Mazar.</strong></span> <span class='ocrx_word' id='word_1_262' title='bbox 2107 2545 2174 2579; x_wconf 92' lang='lat' dir='ltr'><strong>m.</strong></span> <span class='ocrx_word' id='word_1_263' title='bbox 2200 2545 2276 2594; x_wconf 86' lang='lat' dir='ltr'><strong>pr.</strong></span> <span class='ocrx_word' id='word_1_264' title='bbox 2299 2531 2452 2579; x_wconf 86' lang='lat' dir='ltr'><strong>Leid.</strong></span> <span class='ocrx_word' id='word_1_265' title='bbox 2477 2545 2558 2594; x_wconf 84' lang='lat' dir='ltr'><strong>pr.</strong></span> <span class='ocrx_word' id='word_1_266' title='bbox 2581 2533 2692 2581; x_wconf 89' lang='lat' dir='ltr'><strong>duo</strong></span> 
     </span>
     <span class='ocr_line' id='line_1_29' title="bbox 479 2594 2737 2659; baseline 0.001 -15"><span class='ocrx_word' id='word_1_267' title='bbox 479 2594 655 2644; x_wconf 83' lang='lat' dir='ltr'><strong>Oxou.</strong></span> <span class='ocrx_word' id='word_1_268' title='bbox 680 2595 810 2643; x_wconf 84' lang='lat' dir='ltr'><strong>Exc.</strong></span> <span class='ocrx_word' id='word_1_269' title='bbox 832 2596 1048 2644; x_wconf 82' lang='lat' dir='ltr'><strong>Lucens.</strong></span> <span class='ocrx_word' id='word_1_270' title='bbox 1069 2610 1173 2645; x_wconf 81' lang='lat' dir='ltr'><strong>sec.</strong></span> <span class='ocrx_word' id='word_1_271' title='bbox 1214 2597 1387 2644; x_wconf 75' lang='lat' dir='ltr'><strong>lucisne</strong></span> <span class='ocrx_word' id='word_1_272' title='bbox 1407 2595 1489 2644; x_wconf 86' lang='lat' dir='ltr'><strong>vel</strong></span> <span class='ocrx_word' id='word_1_273' title='bbox 1510 2595 1713 2656; x_wconf 78' lang='lat' dir='ltr'><strong>lucisque</strong></span> <span class='ocrx_word' id='word_1_274' title='bbox 1743 2595 1924 2644; x_wconf 84' lang='lat' dir='ltr'><strong>Petav.</strong></span> <span class='ocrx_word' id='word_1_275' title='bbox 1956 2610 2060 2646; x_wconf 86' lang='lat' dir='ltr'><strong>sec.</strong></span> <span class='ocrx_word' id='word_1_276' title='bbox 2109 2599 2308 2659; x_wconf 73' lang='lat' dir='ltr'><strong>repulsa·</strong></span> <span class='ocrx_word' id='word_1_277' title='bbox 2346 2597 2537 2645; x_wconf 83' lang='lat' dir='ltr'><strong>Moret.</strong></span> <span class='ocrx_word' id='word_1_278' title='bbox 2577 2611 2692 2646; x_wconf 85' lang='lat' dir='ltr'><strong>sec.</strong></span> <span class='ocrx_word' id='word_1_279' title='bbox 2734 2620 2737 2621; x_wconf 38' lang='lat'><em>⁷</em></span> 
     </span>
     <span class='ocr_line' id='line_1_30' title="bbox 475 2659 2692 2725; baseline 0.001 -17"><span class='ocrx_word' id='word_1_280' title='bbox 475 2661 686 2722; x_wconf 76' lang='lat' dir='ltr'><strong>repulsus</strong></span> <span class='ocrx_word' id='word_1_281' title='bbox 723 2659 874 2708; x_wconf 87' lang='lat' dir='ltr'><strong>Leid.</strong></span> <span class='ocrx_word' id='word_1_282' title='bbox 913 2674 1016 2709; x_wconf 82' lang='lat' dir='ltr'><strong>sec.</strong></span> <span class='ocrx_word' id='word_1_283' title='bbox 1058 2676 1124 2710; x_wconf 90' lang='lat' dir='ltr'><strong>m.</strong></span> <span class='ocrx_word' id='word_1_284' title='bbox 1157 2675 1259 2710; x_wconf 82' lang='lat' dir='ltr'><strong>sec.</strong></span> <span class='ocrx_word' id='word_1_285' title='bbox 1301 2660 1440 2709; x_wconf 60' lang='lat' dir='ltr'><strong>Prie»</strong></span> <span class='ocrx_word' id='word_1_286' title='bbox 1486 2661 1717 2709; x_wconf 81' lang='lat' dir='ltr'><strong>Floreat.</strong></span> <span class='ocrx_word' id='word_1_287' title='bbox 1757 2660 1900 2709; x_wconf 84' lang='lat' dir='ltr'><strong>Med.</strong></span> <span class='ocrx_word' id='word_1_288' title='bbox 1938 2676 2041 2710; x_wconf 90' lang='lat' dir='ltr'><strong>sec.</strong></span> <span class='ocrx_word' id='word_1_289' title='bbox 2081 2661 2202 2710; x_wconf 88' lang='lat' dir='ltr'><strong>Pat.</strong></span> <span class='ocrx_word' id='word_1_290' title='bbox 2224 2663 2345 2710; x_wconf 85' lang='lat' dir='ltr'><strong>Vat.</strong></span> <span class='ocrx_word' id='word_1_291' title='bbox 2365 2661 2529 2725; x_wconf 87' lang='lat' dir='ltr'><strong>quint.</strong></span> <span class='ocrx_word' id='word_1_292' title='bbox 2551 2662 2692 2711; x_wconf 84' lang='lat' dir='ltr'><strong>Exc.</strong></span> 
     </span>
     <span class='ocr_line' id='line_1_31' title="bbox 480 2724 2689 2776; baseline 0 -2"><span class='ocrx_word' id='word_1_293' title='bbox 480 2725 860 2774; x_wconf 79' lang='lat' dir='ltr'><strong>Gevart.—-107</strong></span> <span class='ocrx_word' id='word_1_294' title='bbox 900 2725 1097 2774; x_wconf 73' lang='lat' dir='ltr'><strong>Elidant</strong></span> <span class='ocrx_word' id='word_1_295' title='bbox 1119 2726 1242 2775; x_wconf 85' lang='lat' dir='ltr'><strong>Vat.</strong></span> <span class='ocrx_word' id='word_1_296' title='bbox 1269 2726 1433 2774; x_wconf 79' lang='lat' dir='ltr'><strong>Livin.</strong></span> <span class='ocrx_word' id='word_1_297' title='bbox 1459 2726 1582 2774; x_wconf 91' lang='lat' dir='ltr'><strong>Put.</strong></span> <span class='ocrx_word' id='word_1_298' title='bbox 1620 2740 1689 2775; x_wconf 90' lang='lat' dir='ltr'><strong>m.</strong></span> <span class='ocrx_word' id='word_1_299' title='bbox 1728 2739 1828 2774; x_wconf 82' lang='lat' dir='ltr'><strong>sec.</strong></span> <span class='ocrx_word' id='word_1_300' title='bbox 1851 2724 2034 2774; x_wconf 88' lang='lat' dir='ltr'><strong>Ambr.</strong></span> <span class='ocrx_word' id='word_1_301' title='bbox 2060 2740 2162 2774; x_wconf 88' lang='lat' dir='ltr'><strong>sec.</strong></span> <span class='ocrx_word' id='word_1_302' title='bbox 2198 2727 2388 2776; x_wconf 78' lang='lat' dir='ltr'><strong>timidos</strong></span> <span class='ocrx_word' id='word_1_303' title='bbox 2409 2727 2533 2776; x_wconf 86' lang='lat' dir='ltr'><strong>Var.</strong></span> <span class='ocrx_word' id='word_1_304' title='bbox 2569 2726 2689 2775; x_wconf 89' lang='lat' dir='ltr'><strong>LL.</strong></span> 
     </span>
     <span class='ocr_line' id='line_1_32' title="bbox 480 2789 2693 2840; baseline 0.001 -2"><span class='ocrx_word' id='word_1_305' title='bbox 480 2790 563 2838; x_wconf 86' lang='lat' dir='ltr'><strong>ed.</strong></span> <span class='ocrx_word' id='word_1_306' title='bbox 587 2789 746 2838; x_wconf 70' lang='lat' dir='ltr'><strong>AntV.</strong></span> <span class='ocrx_word' id='word_1_307' title='bbox 800 2805 1013 2840; x_wconf 77' lang='lat' dir='ltr'><strong>recursus</strong></span> <span class='ocrx_word' id='word_1_308' title='bbox 1048 2791 1185 2840; x_wconf 90' lang='lat' dir='ltr'><strong>Prie.</strong></span> <span class='ocrx_word' id='word_1_309' title='bbox 1205 2792 1348 2840; x_wconf 84' lang='lat' dir='ltr'><strong>Med.</strong></span> <span class='ocrx_word' id='word_1_310' title='bbox 1372 2804 1478 2839; x_wconf 88' lang='lat' dir='ltr'><strong>sec.</strong></span> <span class='ocrx_word' id='word_1_311' title='bbox 1532 2804 1748 2838; x_wconf 75' lang='lat' dir='ltr'><strong>recursus</strong></span> <span class='ocrx_word' id='word_1_312' title='bbox 1784 2791 1867 2838; x_wconf 87' lang='lat' dir='ltr'><strong>vel</strong></span> <span class='ocrx_word' id='word_1_313' title='bbox 1903 2805 2111 2839; x_wconf 76' lang='lat' dir='ltr'><strong>recessus</strong></span> <span class='ocrx_word' id='word_1_314' title='bbox 2144 2791 2291 2840; x_wconf 89' lang='lat' dir='ltr'><strong>Med.</strong></span> <span class='ocrx_word' id='word_1_315' title='bbox 2327 2796 2450 2840; x_wconf 83' lang='lat' dir='ltr'><strong>tert.</strong></span> <span class='ocrx_word' id='word_1_316' title='bbox 2505 2791 2693 2840; x_wconf 74' lang='lat' dir='ltr'><strong>lumina</strong></span> 
     </span>
     <span class='ocr_line' id='line_1_33' title="bbox 479 2854 2695 2919; baseline 0.002 -17"><span class='ocrx_word' id='word_1_317' title='bbox 479 2869 643 2905; x_wconf 75' lang='lat' dir='ltr'><strong>cursus</strong></span> <span class='ocrx_word' id='word_1_318' title='bbox 663 2854 786 2906; x_wconf 88' lang='lat' dir='ltr'><strong>Jun.</strong></span> <span class='ocrx_word' id='word_1_319' title='bbox 810 2859 1055 2919; x_wconf 85' lang='lat' dir='ltr'><strong>pr.—108</strong></span> <span class='ocrx_word' id='word_1_320' title='bbox 1074 2855 1215 2915; x_wconf 78' lang='lat' dir='ltr'><strong>sacta</strong></span> <span class='ocrx_word' id='word_1_321' title='bbox 1247 2863 1355 2906; x_wconf 88' lang='lat' dir='ltr'><strong>tres</strong></span> <span class='ocrx_word' id='word_1_322' title='bbox 1376 2856 1525 2906; x_wconf 85' lang='lat' dir='ltr'><strong>Vatt.</strong></span> <span class='ocrx_word' id='word_1_323' title='bbox 1562 2854 1710 2905; x_wconf 84' lang='lat' dir='ltr'><strong>Leid.</strong></span> <span class='ocrx_word' id='word_1_324' title='bbox 1736 2869 1844 2906; x_wconf 87' lang='lat' dir='ltr'><strong>sec.</strong></span> <span class='ocrx_word' id='word_1_325' title='bbox 1867 2869 1934 2905; x_wconf 89' lang='lat' dir='ltr'><strong>m.</strong></span> <span class='ocrx_word' id='word_1_326' title='bbox 1974 2870 2079 2906; x_wconf 88' lang='lat' dir='ltr'><strong>sec.</strong></span> <span class='ocrx_word' id='word_1_327' title='bbox 2112 2855 2242 2906; x_wconf 87' lang='lat' dir='ltr'><strong>Exc.</strong></span> <span class='ocrx_word' id='word_1_328' title='bbox 2283 2855 2505 2906; x_wconf 85' lang='lat' dir='ltr'><strong>Gevart.</strong></span> <span class='ocrx_word' id='word_1_329' title='bbox 2542 2856 2695 2916; x_wconf 75' lang='lat' dir='ltr'><strong>factu</strong></span> 
     </span>
    </p>
   </div>
   <div class='ocr_carea' id='block_1_8' title="bbox 1480 3000 1729 3054">
    <p class='ocr_par' dir='ltr' id='par_1_13' title="bbox 1480 3000 1729 3054">
     <span class='ocr_line' id='line_1_34' title="bbox 1480 3000 1729 3054; baseline -0.016 0"><span class='ocrx_word' id='word_1_330' title='bbox 1480 3000 1692 3054; x_wconf 76' lang='lat' dir='ltr'>NOTAE</span> <span class='ocrx_word' id='word_1_331' title='bbox 1726 3020 1729 3025; x_wconf 92' lang='lat'><em>·</em></span> 
     </span>
    </p>
   </div>
   <div class='ocr_carea' id='block_1_9' title="bbox 1621 3114 2694 3257">
    <p class='ocr_par' dir='ltr' id='par_1_14' title="bbox 1621 3114 2694 3257">
     <span class='ocr_line' id='line_1_35' title="bbox 1621 3114 2694 3180; baseline 0.002 -15"><span class='ocrx_word' id='word_1_332' title='bbox 1621 3114 2014 3180; x_wconf 85' lang='lat' dir='ltr'><strong>Intelligentiae,</strong></span> <span class='ocrx_word' id='word_1_333' title='bbox 2065 3121 2156 3170; x_wconf 77' lang='lat' dir='ltr'><strong>aut</strong></span> <span class='ocrx_word' id='word_1_334' title='bbox 2191 3115 2295 3169; x_wconf 83' lang='lat' dir='ltr'><strong>duo</strong></span> <span class='ocrx_word' id='word_1_335' title='bbox 2333 3115 2525 3179; x_wconf 70' lang='lat' dir='ltr'><strong>Genii,</strong></span> <span class='ocrx_word' id='word_1_336' title='bbox 2556 3130 2694 3167; x_wconf 77' lang='lat' dir='ltr'><strong>nnus</strong></span> 
     </span>
     <span class='ocr_line' id='line_1_36' title="bbox 1622 3193 2540 3257; baseline 0 -15"><span class='ocrx_word' id='word_1_337' title='bbox 1622 3194 1838 3257; x_wconf 86' lang='lat' dir='ltr'><strong>Coelum,</strong></span> <span class='ocrx_word' id='word_1_338' title='bbox 1859 3193 1992 3242; x_wconf 86' lang='lat' dir='ltr'><strong>alter</strong></span> <span class='ocrx_word' id='word_1_339' title='bbox 2014 3194 2259 3242; x_wconf 89' lang='lat' dir='ltr'><strong>Planetas</strong></span> <span class='ocrx_word' id='word_1_340' title='bbox 2284 3199 2540 3257; x_wconf 86' lang='lat' dir='ltr'><strong>torqueat.</strong></span> 
     </span>
    </p>
   </div>
   <div class='ocr_carea' id='block_1_10' title="bbox 481 3116 1543 3257">
    <p class='ocr_par' dir='ltr' id='par_1_15' title="bbox 481 3116 1543 3257">
     <span class='ocr_line' id='line_1_37' title="bbox 481 3116 1345 3169; baseline 0.008 -7"><span class='ocrx_word' id='word_1_341' title='bbox 481 3128 802 3167; x_wconf 77' lang='lat' dir='ltr'><strong>numerosam</strong></span> <span class='ocrx_word' id='word_1_342' title='bbox 824 3116 963 3166; x_wconf 89' lang='lat' dir='ltr'><strong>illam</strong></span> <span class='ocrx_word' id='word_1_343' title='bbox 990 3117 1345 3169; x_wconf 81' lang='lat' dir='ltr'><strong>Harmoniam.</strong></span> 
     </span>
     <span class='ocr_line' id='line_1_38' title="bbox 550 3191 1543 3257; baseline 0.004 -17"><span class='ocrx_word' id='word_1_344' title='bbox 550 3192 653 3247; x_wconf 82' lang='lat' dir='ltr'><strong>Quo</strong></span> <span class='ocrx_word' id='word_1_345' title='bbox 696 3192 850 3256; x_wconf 81' lang='lat' dir='ltr'><strong>vivat]</strong></span> <span class='ocrx_word' id='word_1_346' title='bbox 918 3195 1034 3245; x_wconf 83' lang='lat' dir='ltr'><strong>Quo</strong></span> <span class='ocrx_word' id='word_1_347' title='bbox 1079 3191 1262 3257; x_wconf 80' lang='lat' dir='ltr'><strong>spiritu</strong></span> <span class='ocrx_word' id='word_1_348' title='bbox 1305 3195 1543 3245; x_wconf 86' lang='lat' dir='ltr'><strong>machina</strong></span> 
     </span>
    </p>
   </div>
   <div class='ocr_carea' id='block_1_11' title="bbox 481 3269 1575 3336">
    <p class='ocr_par' dir='ltr' id='par_1_16' title="bbox 481 3269 1575 3336">
     <span class='ocr_line' id='line_1_39' title="bbox 481 3269 1575 3336; baseline 0.001 -17"><span class='ocrx_word' id='word_1_349' title='bbox 481 3269 720 3320; x_wconf 86' lang='lat' dir='ltr'><strong>Coelestis</strong></span> <span class='ocrx_word' id='word_1_350' title='bbox 752 3271 827 3320; x_wconf 88' lang='lat' dir='ltr'><strong>ita</strong></span> <span class='ocrx_word' id='word_1_351' title='bbox 864 3279 1064 3336; x_wconf 81' lang='lat' dir='ltr'><strong>agatur,</strong></span> <span class='ocrx_word' id='word_1_352' title='bbox 1104 3279 1163 3321; x_wconf 88' lang='lat' dir='ltr'><strong>ut</strong></span> <span class='ocrx_word' id='word_1_353' title='bbox 1200 3271 1439 3321; x_wconf 86' lang='lat' dir='ltr'><strong>videatur</strong></span> <span class='ocrx_word' id='word_1_354' title='bbox 1470 3272 1541 3321; x_wconf 83' lang='lat' dir='ltr'><strong>vi·</strong></span> <span class='ocrx_word' id='word_1_355' title='bbox 1570 3305 1575 3309; x_wconf 76' lang='lat'><strong>·</strong></span> 
     </span>
    </p>
   </div>
   <div class='ocr_carea' id='block_1_12' title="bbox 479 3363 1545 4168">
    <p class='ocr_par' dir='ltr' id='par_1_17' title="bbox 479 3363 623 3401">
     <span class='ocr_line' id='line_1_40' title="bbox 479 3363 623 3401; baseline 0.014 -5"><span class='ocrx_word' id='word_1_356' title='bbox 479 3363 623 3401; x_wconf 82' lang='lat' dir='ltr'><strong>vere.</strong></span> 
     </span>
    </p>

    <p class='ocr_par' dir='ltr' id='par_1_18' title="bbox 480 3427 1545 4168">
     <span class='ocr_line' id='line_1_41' title="bbox 486 3427 1543 3491; baseline 0 -16"><span class='ocrx_word' id='word_1_357' title='bbox 486 3485 492 3490; x_wconf 37' lang='grc'><strong>,</strong></span> <span class='ocrx_word' id='word_1_358' title='bbox 550 3431 643 3476; x_wconf 79' lang='grc'><strong>103</strong></span> <span class='ocrx_word' id='word_1_359' title='bbox 678 3427 830 3477; x_wconf 78' lang='lat' dir='ltr'><strong>Retro</strong></span> <span class='ocrx_word' id='word_1_360' title='bbox 849 3428 1088 3490; x_wconf 75' lang='lat' dir='ltr'><strong>nitantur]</strong></span> <span class='ocrx_word' id='word_1_361' title='bbox 1111 3430 1192 3476; x_wconf 89' lang='lat' dir='ltr'><strong>Ex</strong></span> <span class='ocrx_word' id='word_1_362' title='bbox 1215 3427 1398 3491; x_wconf 84' lang='lat' dir='ltr'><strong>priscis</strong></span> <span class='ocrx_word' id='word_1_363' title='bbox 1419 3427 1543 3475; x_wconf 91' lang='lat' dir='ltr'><strong>Phi-</strong></span> 
     </span>
     <span class='ocr_line' id='line_1_42' title="bbox 480 3502 1542 3567; baseline 0.002 -16"><span class='ocrx_word' id='word_1_364' title='bbox 480 3502 704 3567; x_wconf 87' lang='lat' dir='ltr'><strong>losophis</strong></span> <span class='ocrx_word' id='word_1_365' title='bbox 729 3503 927 3553; x_wconf 88' lang='lat' dir='ltr'><strong>Coelum</strong></span> <span class='ocrx_word' id='word_1_366' title='bbox 948 3504 1239 3553; x_wconf 86' lang='lat' dir='ltr'><strong>incredibili</strong></span> <span class='ocrx_word' id='word_1_367' title='bbox 1261 3505 1542 3567; x_wconf 84' lang='lat' dir='ltr'><strong>rapiditate</strong></span> 
     </span>
     <span class='ocr_line' id='line_1_43' title="bbox 483 3579 1544 3643; baseline -0.001 -14"><span class='ocrx_word' id='word_1_368' title='bbox 483 3586 721 3642; x_wconf 77' lang='lat' dir='ltr'><strong>movetur</strong></span> <span class='ocrx_word' id='word_1_369' title='bbox 756 3580 822 3628; x_wconf 92' lang='lat' dir='ltr'><strong>ab</strong></span> <span class='ocrx_word' id='word_1_370' title='bbox 847 3580 1065 3630; x_wconf 83' lang='lat' dir='ltr'><strong>Oriente</strong></span> <span class='ocrx_word' id='word_1_371' title='bbox 1088 3581 1139 3629; x_wconf 88' lang='lat' dir='ltr'><strong>in</strong></span> <span class='ocrx_word' id='word_1_372' title='bbox 1174 3579 1544 3643; x_wconf 86' lang='lat' dir='ltr'><strong>Occidentem,</strong></span> 
     </span>
     <span class='ocr_line' id='line_1_44' title="bbox 482 3657 1545 3721; baseline 0.001 -16"><span class='ocrx_word' id='word_1_373' title='bbox 482 3662 682 3720; x_wconf 82' lang='lat' dir='ltr'><strong>septem</strong></span> <span class='ocrx_word' id='word_1_374' title='bbox 723 3657 962 3706; x_wconf 86' lang='lat' dir='ltr'><strong>Planetae</strong></span> <span class='ocrx_word' id='word_1_375' title='bbox 1008 3659 1189 3706; x_wconf 87' lang='lat' dir='ltr'><strong>eodem</strong></span> <span class='ocrx_word' id='word_1_376' title='bbox 1228 3666 1370 3706; x_wconf 86' lang='lat' dir='ltr'><strong>motu</strong></span> <span class='ocrx_word' id='word_1_377' title='bbox 1409 3658 1545 3721; x_wconf 83' lang='lat' dir='ltr'><strong>rapi-</strong></span> 
     </span>
     <span class='ocr_line' id='line_1_45' title="bbox 481 3734 1540 3797; baseline 0.003 -17"><span class='ocrx_word' id='word_1_378' title='bbox 481 3741 657 3796; x_wconf 87' lang='lat' dir='ltr'><strong>untur,</strong></span> <span class='ocrx_word' id='word_1_379' title='bbox 693 3734 783 3782; x_wconf 88' lang='lat' dir='ltr'><strong>sed</strong></span> <span class='ocrx_word' id='word_1_380' title='bbox 826 3735 926 3783; x_wconf 89' lang='lat' dir='ltr'><strong>alio</strong></span> <span class='ocrx_word' id='word_1_381' title='bbox 987 3742 1131 3783; x_wconf 91' lang='lat' dir='ltr'><strong>motu</strong></span> <span class='ocrx_word' id='word_1_382' title='bbox 1187 3734 1284 3782; x_wconf 88' lang='lat' dir='ltr'><strong>sibi</strong></span> <span class='ocrx_word' id='word_1_383' title='bbox 1328 3734 1540 3797; x_wconf 87' lang='lat' dir='ltr'><strong>proprio</strong></span> 
     </span>
     <span class='ocr_line' id='line_1_46' title="bbox 481 3809 1544 3873; baseline 0.003 -16"><span class='ocrx_word' id='word_1_384' title='bbox 481 3809 629 3872; x_wconf 84' lang='lat' dir='ltr'><strong>quasi</strong></span> <span class='ocrx_word' id='word_1_385' title='bbox 676 3809 1028 3873; x_wconf 83' lang='lat' dir='ltr'><strong>retrocedant,</strong></span> <span class='ocrx_word' id='word_1_386' title='bbox 1075 3812 1308 3860; x_wconf 87' lang='lat' dir='ltr'><strong>nitantur</strong></span> <span class='ocrx_word' id='word_1_387' title='bbox 1360 3811 1438 3860; x_wconf 91' lang='lat' dir='ltr'><strong>ire</strong></span> <span class='ocrx_word' id='word_1_388' title='bbox 1481 3810 1544 3860; x_wconf 91' lang='lat' dir='ltr'><strong>ab</strong></span> 
     </span>
     <span class='ocr_line' id='line_1_47' title="bbox 482 3882 1545 3953; baseline 0.004 -20"><span class='ocrx_word' id='word_1_389' title='bbox 482 3882 778 3933; x_wconf 89' lang='lat' dir='ltr'><strong>Occidente</strong></span> <span class='ocrx_word' id='word_1_390' title='bbox 812 3887 865 3933; x_wconf 86' lang='lat' dir='ltr'><strong>in</strong></span> <span class='ocrx_word' id='word_1_391' title='bbox 907 3886 1201 3949; x_wconf 85' lang='lat' dir='ltr'><strong>Orientem,</strong></span> <span class='ocrx_word' id='word_1_392' title='bbox 1237 3888 1415 3953; x_wconf 89' lang='lat' dir='ltr'><strong>sicque</strong></span> <span class='ocrx_word' id='word_1_393' title='bbox 1455 3888 1545 3937; x_wconf 92' lang='lat' dir='ltr'><strong>ob-</strong></span> 
     </span>
     <span class='ocr_line' id='line_1_48' title="bbox 482 3959 1544 4013; baseline 0.006 -6"><span class='ocrx_word' id='word_1_394' title='bbox 482 3959 743 4008; x_wconf 78' lang='lat' dir='ltr'><strong>luctantur</strong></span> <span class='ocrx_word' id='word_1_395' title='bbox 766 3961 894 4010; x_wconf 89' lang='lat' dir='ltr'><strong>Coeli</strong></span> <span class='ocrx_word' id='word_1_396' title='bbox 920 3963 1101 4011; x_wconf 86' lang='lat' dir='ltr'><strong>motui.</strong></span> <span class='ocrx_word' id='word_1_397' title='bbox 1168 3963 1255 4012; x_wconf 90' lang='lat' dir='ltr'><strong>Sic</strong></span> <span class='ocrx_word' id='word_1_398' title='bbox 1289 3964 1377 4012; x_wconf 90' lang='lat' dir='ltr'><strong>Sol</strong></span> <span class='ocrx_word' id='word_1_399' title='bbox 1399 3970 1544 4013; x_wconf 90' lang='lat' dir='ltr'><strong>motu</strong></span> 
     </span>
     <span class='ocr_line' id='line_1_49' title="bbox 485 4032 1542 4103; baseline 0.007 -21"><span class='ocrx_word' id='word_1_400' title='bbox 485 4034 616 4082; x_wconf 86' lang='lat' dir='ltr'><strong>Coeli</strong></span> <span class='ocrx_word' id='word_1_401' title='bbox 641 4044 815 4098; x_wconf 79' lang='lat' dir='ltr'><strong>raptus</strong></span> <span class='ocrx_word' id='word_1_402' title='bbox 841 4035 971 4086; x_wconf 87' lang='lat' dir='ltr'><strong>facit</strong></span> <span class='ocrx_word' id='word_1_403' title='bbox 989 4032 1131 4100; x_wconf 85' lang='lat' dir='ltr'><strong>dies-;</strong></span> <span class='ocrx_word' id='word_1_404' title='bbox 1168 4046 1308 4090; x_wconf 88' lang='lat' dir='ltr'><strong>motu</strong></span> <span class='ocrx_word' id='word_1_405' title='bbox 1333 4041 1542 4103; x_wconf 87' lang='lat' dir='ltr'><strong>proprio</strong></span> 
     </span>
     <span class='ocr_line' id='line_1_50' title="bbox 483 4109 1543 4168; baseline 0.009 -10"><span class='ocrx_word' id='word_1_406' title='bbox 483 4109 612 4160; x_wconf 89' lang='lat' dir='ltr'><strong>facit</strong></span> <span class='ocrx_word' id='word_1_407' title='bbox 658 4127 874 4163; x_wconf 88' lang='lat' dir='ltr'><strong>annum:</strong></span> <span class='ocrx_word' id='word_1_408' title='bbox 938 4114 1046 4164; x_wconf 88' lang='lat' dir='ltr'><strong>sive</strong></span> <span class='ocrx_word' id='word_1_409' title='bbox 1083 4131 1213 4164; x_wconf 86' lang='lat' dir='ltr'><strong>unus</strong></span> <span class='ocrx_word' id='word_1_410' title='bbox 1251 4119 1543 4168; x_wconf 86' lang='lat' dir='ltr'><strong>moderator</strong></span> 
     </span>
    </p>
   </div>
   <div class='ocr_carea' id='block_1_13' title="bbox 486 4181 1597 4243">
    <p class='ocr_par' dir='ltr' id='par_1_19' title="bbox 486 4181 1597 4243">
     <span class='ocr_line' id='line_1_51' title="bbox 486 4181 1597 4243; baseline 0.008 -9"><span class='ocrx_word' id='word_1_411' title='bbox 486 4181 559 4234; x_wconf 79' lang='lat' dir='ltr'><strong>s&#39;ic</strong></span> <span class='ocrx_word' id='word_1_412' title='bbox 586 4194 757 4236; x_wconf 87' lang='lat' dir='ltr'><strong>vertat</strong></span> <span class='ocrx_word' id='word_1_413' title='bbox 798 4190 994 4240; x_wconf 88' lang='lat' dir='ltr'><strong>Coelum</strong></span> <span class='ocrx_word' id='word_1_414' title='bbox 1019 4198 1073 4239; x_wconf 90' lang='lat' dir='ltr'><strong>et</strong></span> <span class='ocrx_word' id='word_1_415' title='bbox 1111 4192 1360 4242; x_wconf 90' lang='lat' dir='ltr'><strong>Planetas</strong></span> <span class='ocrx_word' id='word_1_416' title='bbox 1393 4194 1544 4243; x_wconf 90' lang='lat' dir='ltr'><strong>moti·</strong></span> <span class='ocrx_word' id='word_1_417' title='bbox 1592 4212 1597 4217; x_wconf 92' lang='grc'><em>·</em></span> 
     </span>
    </p>
   </div>
   <div class='ocr_carea' id='block_1_14' title="bbox 487 4261 1547 4329">
    <p class='ocr_par' dir='ltr' id='par_1_20' title="bbox 487 4261 1547 4329">
     <span class='ocr_line' id='line_1_52' title="bbox 487 4261 1547 4329; baseline 0.009 -18"><span class='ocrx_word' id='word_1_418' title='bbox 487 4261 580 4313; x_wconf 79' lang='lat' dir='ltr'><strong>bus</strong></span> <span class='ocrx_word' id='word_1_419' title='bbox 603 4265 904 4329; x_wconf 79' lang='lat' dir='ltr'><strong>contrariis5</strong></span> <span class='ocrx_word' id='word_1_420' title='bbox 936 4267 1044 4327; x_wconf 80' lang='lat' dir='ltr'><strong>sive</strong></span> <span class='ocrx_word' id='word_1_421' title='bbox 1075 4268 1193 4319; x_wconf 84' lang='lat' dir='ltr'><strong>duae</strong></span> <span class='ocrx_word' id='word_1_422' title='bbox 1220 4268 1430 4320; x_wconf 87' lang='lat' dir='ltr'><strong>Mentes</strong></span> <span class='ocrx_word' id='word_1_423' title='bbox 1452 4276 1547 4321; x_wconf 90' lang='lat' dir='ltr'><strong>aut</strong></span> 
     </span>
    </p>
   </div>
   <div class='ocr_carea' id='block_1_15' title="bbox 1619 3268 2757 4339">
    <p class='ocr_par' dir='ltr' id='par_1_21' title="bbox 1619 3268 2701 3778">
     <span class='ocr_line' id='line_1_53' title="bbox 1688 3268 2692 3335; baseline 0.002 -17"><span class='ocrx_word' id='word_1_424' title='bbox 1688 3274 1784 3318; x_wconf 84' lang='lat'><strong>106</strong></span> <span class='ocrx_word' id='word_1_425' title='bbox 1822 3270 1982 3332; x_wconf 84' lang='lat' dir='ltr'><strong>Color]</strong></span> <span class='ocrx_word' id='word_1_426' title='bbox 2044 3268 2330 3331; x_wconf 87' lang='lat' dir='ltr'><strong>Disputant</strong></span> <span class='ocrx_word' id='word_1_427' title='bbox 2380 3270 2692 3335; x_wconf 87' lang='lat' dir='ltr'><strong>Philosophi</strong></span> 
     </span>
     <span class='ocr_line' id='line_1_54' title="bbox 1623 3344 2693 3410; baseline 0.004 -16"><span class='ocrx_word' id='word_1_428' title='bbox 1623 3360 1688 3394; x_wconf 89' lang='lat' dir='ltr'><strong>an</strong></span> <span class='ocrx_word' id='word_1_429' title='bbox 1708 3346 1850 3394; x_wconf 90' lang='lat' dir='ltr'><strong>color</strong></span> <span class='ocrx_word' id='word_1_430' title='bbox 1883 3359 2063 3393; x_wconf 88' lang='lat' dir='ltr'><strong>revera</strong></span> <span class='ocrx_word' id='word_1_431' title='bbox 2095 3344 2291 3395; x_wconf 77' lang='lat' dir='ltr'><strong>haereat</strong></span> <span class='ocrx_word' id='word_1_432' title='bbox 2323 3346 2378 3395; x_wconf 91' lang='lat' dir='ltr'><strong>in</strong></span> <span class='ocrx_word' id='word_1_433' title='bbox 2411 3347 2590 3410; x_wconf 86' lang='lat' dir='ltr'><strong>rebus,</strong></span> <span class='ocrx_word' id='word_1_434' title='bbox 2623 3363 2693 3398; x_wconf 86' lang='lat' dir='ltr'><strong>an</strong></span> 
     </span>
     <span class='ocr_line' id='line_1_55' title="bbox 1624 3420 2693 3486; baseline 0.004 -15"><span class='ocrx_word' id='word_1_435' title='bbox 1624 3428 1824 3471; x_wconf 87' lang='lat' dir='ltr'><strong>tantum</strong></span> <span class='ocrx_word' id='word_1_436' title='bbox 1848 3420 1990 3470; x_wconf 86' lang='lat' dir='ltr'><strong>vario</strong></span> <span class='ocrx_word' id='word_1_437' title='bbox 2014 3421 2141 3470; x_wconf 88' lang='lat' dir='ltr'><strong>lucis</strong></span> <span class='ocrx_word' id='word_1_438' title='bbox 2171 3437 2483 3486; x_wconf 85' lang='lat' dir='ltr'><strong>repercussu</strong></span> <span class='ocrx_word' id='word_1_439' title='bbox 2520 3428 2693 3475; x_wconf 84' lang='lat' dir='ltr'><strong>varia·</strong></span> 
     </span>
     <span class='ocr_line' id='line_1_56' title="bbox 1622 3497 2692 3566; baseline 0.003 -19"><span class='ocrx_word' id='word_1_440' title='bbox 1622 3505 1724 3561; x_wconf 79' lang='lat' dir='ltr'><strong>tuS,</strong></span> <span class='ocrx_word' id='word_1_441' title='bbox 1745 3497 1892 3547; x_wconf 88' lang='lat' dir='ltr'><strong>ludat</strong></span> <span class='ocrx_word' id='word_1_442' title='bbox 1917 3514 1977 3547; x_wconf 88' lang='lat' dir='ltr'><strong>ac</strong></span> <span class='ocrx_word' id='word_1_443' title='bbox 2018 3500 2160 3547; x_wconf 90' lang='lat' dir='ltr'><strong>velut</strong></span> <span class='ocrx_word' id='word_1_444' title='bbox 2199 3499 2347 3549; x_wconf 88' lang='lat' dir='ltr'><strong>fallat</strong></span> <span class='ocrx_word' id='word_1_445' title='bbox 2378 3501 2577 3560; x_wconf 89' lang='lat' dir='ltr'><strong>oculos,</strong></span> <span class='ocrx_word' id='word_1_446' title='bbox 2603 3501 2692 3566; x_wconf 86' lang='lat' dir='ltr'><strong>qui</strong></span> 
     </span>
     <span class='ocr_line' id='line_1_57' title="bbox 1622 3575 2693 3638; baseline 0.003 -15"><span class='ocrx_word' id='word_1_447' title='bbox 1622 3580 1812 3638; x_wconf 90' lang='lat' dir='ltr'><strong>putant</strong></span> <span class='ocrx_word' id='word_1_448' title='bbox 1828 3589 2004 3623; x_wconf 87' lang='lat' dir='ltr'><strong>verum</strong></span> <span class='ocrx_word' id='word_1_449' title='bbox 2034 3588 2145 3623; x_wconf 88' lang='lat' dir='ltr'><strong>esse</strong></span> <span class='ocrx_word' id='word_1_450' title='bbox 2166 3575 2407 3637; x_wconf 86' lang='lat' dir='ltr'><strong>colorem,</strong></span> <span class='ocrx_word' id='word_1_451' title='bbox 2439 3582 2494 3624; x_wconf 89' lang='lat' dir='ltr'><strong>et</strong></span> <span class='ocrx_word' id='word_1_452' title='bbox 2529 3577 2588 3625; x_wconf 85' lang='lat' dir='ltr'><strong>in</strong></span> <span class='ocrx_word' id='word_1_453' title='bbox 2613 3592 2693 3626; x_wconf 87' lang='lat' dir='ltr'><strong>re-</strong></span> 
     </span>
     <span class='ocr_line' id='line_1_58' title="bbox 1619 3652 2701 3717; baseline 0.004 -16"><span class='ocrx_word' id='word_1_454' title='bbox 1619 3652 1715 3701; x_wconf 88' lang='lat' dir='ltr'><strong>bus</strong></span> <span class='ocrx_word' id='word_1_455' title='bbox 1739 3652 1865 3717; x_wconf 90' lang='lat' dir='ltr'><strong>ipsis</strong></span> <span class='ocrx_word' id='word_1_456' title='bbox 1889 3653 2191 3713; x_wconf 70' lang='lat' dir='ltr'><strong>haerentem.</strong></span> <span class='ocrx_word' id='word_1_457' title='bbox 2229 3652 2511 3716; x_wconf 84' lang='lat' dir='ltr'><strong>Virgilius:</strong></span> <span class='ocrx_word' id='word_1_458' title='bbox 2547 3655 2564 3681; x_wconf 87' lang='lat'>‘</span> <span class='ocrx_word' id='word_1_459' title='bbox 2590 3656 2701 3705; x_wconf 87' lang='lat' dir='ltr'><strong>Re·.</strong></span> 
     </span>
     <span class='ocr_line' id='line_1_59' title="bbox 1621 3728 2493 3778; baseline 0.001 -1"><span class='ocrx_word' id='word_1_460' title='bbox 1621 3728 1715 3778; x_wconf 90' lang='lat' dir='ltr'><strong>bus</strong></span> <span class='ocrx_word' id='word_1_461' title='bbox 1739 3740 1841 3777; x_wconf 87' lang='lat' dir='ltr'><strong>nox</strong></span> <span class='ocrx_word' id='word_1_462' title='bbox 1863 3728 2077 3778; x_wconf 91' lang='lat' dir='ltr'><strong>abstulit</strong></span> <span class='ocrx_word' id='word_1_463' title='bbox 2100 3736 2214 3778; x_wconf 87' lang='lat' dir='ltr'><strong>atra</strong></span> <span class='ocrx_word' id='word_1_464' title='bbox 2233 3729 2493 3778; x_wconf 65' lang='lat' dir='ltr'><strong>colorem!</strong></span> 
     </span>
    </p>

    <p class='ocr_par' dir='ltr' id='par_1_22' title="bbox 1625 3799 2757 4180">
     <span class='ocr_line' id='line_1_60' title="bbox 1693 3799 2692 3871; baseline 0.004 -17"><span class='ocrx_word' id='word_1_465' title='bbox 1693 3811 1784 3856; x_wconf 81' lang='lat'><strong>107</strong></span> <span class='ocrx_word' id='word_1_466' title='bbox 1824 3799 1982 3871; x_wconf 76' lang='lat' dir='ltr'><strong>Lnna]</strong></span> <span class='ocrx_word' id='word_1_467' title='bbox 2033 3807 2245 3856; x_wconf 87' lang='lat' dir='ltr'><strong>Certum</strong></span> <span class='ocrx_word' id='word_1_468' title='bbox 2284 3808 2418 3857; x_wconf 88' lang='lat' dir='ltr'><strong>enim</strong></span> <span class='ocrx_word' id='word_1_469' title='bbox 2459 3814 2543 3857; x_wconf 86' lang='lat' dir='ltr'><strong>est</strong></span> <span class='ocrx_word' id='word_1_470' title='bbox 2587 3809 2692 3858; x_wconf 88' lang='lat' dir='ltr'><strong>Lu-</strong></span> 
     </span>
     <span class='ocr_line' id='line_1_61' title="bbox 1625 3883 2757 3949; baseline 0.003 -18"><span class='ocrx_word' id='word_1_471' title='bbox 1625 3897 1740 3931; x_wconf 80' lang='lat' dir='ltr'><strong>nam</strong></span> <span class='ocrx_word' id='word_1_472' title='bbox 1765 3883 2015 3932; x_wconf 86' lang='lat' dir='ltr'><strong>dominari</strong></span> <span class='ocrx_word' id='word_1_473' title='bbox 2038 3884 2248 3941; x_wconf 75' lang='lat' dir='ltr'><strong>aestibus</strong></span> <span class='ocrx_word' id='word_1_474' title='bbox 2267 3883 2483 3933; x_wconf 82' lang='lat' dir='ltr'><strong>Oceani.</strong></span> <span class='ocrx_word' id='word_1_475' title='bbox 2521 3883 2693 3949; x_wconf 84' lang='lat' dir='ltr'><strong>quue&#39;</strong></span> <span class='ocrx_word' id='word_1_476' title='bbox 2740 3894 2757 3907; x_wconf 69' lang='lat'><strong><em>⁹</em></strong></span> 
     </span>
     <span class='ocr_line' id='line_1_62' title="bbox 1626 3964 2705 4028; baseline 0.004 -18"><span class='ocrx_word' id='word_1_477' title='bbox 1626 3965 1855 4012; x_wconf 84' lang='lat' dir='ltr'><strong>nonnulli</strong></span> <span class='ocrx_word' id='word_1_478' title='bbox 1881 3965 2117 4013; x_wconf 86' lang='lat' dir='ltr'><strong>tribuunt</strong></span> <span class='ocrx_word' id='word_1_479' title='bbox 2141 3964 2246 4013; x_wconf 78' lang='lat' dir='ltr'><strong>ae‘ri</strong></span> <span class='ocrx_word' id='word_1_480' title='bbox 2269 3980 2298 4012; x_wconf 88' lang='lat' dir='ltr'><strong>a</strong></span> <span class='ocrx_word' id='word_1_481' title='bbox 2322 3966 2465 4013; x_wconf 88' lang='lat' dir='ltr'><strong>Luna</strong></span> <span class='ocrx_word' id='word_1_482' title='bbox 2486 3979 2705 4028; x_wconf 57' lang='lat' dir='ltr'><strong>presso,⁸</strong></span> 
     </span>
     <span class='ocr_line' id='line_1_63' title="bbox 1626 4041 2690 4106; baseline 0.005 -19"><span class='ocrx_word' id='word_1_483' title='bbox 1626 4041 1715 4104; x_wconf 85' lang='lat' dir='ltr'><strong>qui</strong></span> <span class='ocrx_word' id='word_1_484' title='bbox 1740 4050 1942 4104; x_wconf 84' lang='lat' dir='ltr'><strong>premat</strong></span> <span class='ocrx_word' id='word_1_485' title='bbox 1983 4041 2247 4106; x_wconf 82' lang='lat' dir='ltr'><strong>agitetque</strong></span> <span class='ocrx_word' id='word_1_486' title='bbox 2286 4043 2464 4091; x_wconf 83' lang='lat' dir='ltr'><strong>maria.</strong></span> <span class='ocrx_word' id='word_1_487' title='bbox 2534 4043 2690 4094; x_wconf 84' lang='lat' dir='ltr'><strong>Quic-</strong></span> 
     </span>
     <span class='ocr_line' id='line_1_64' title="bbox 1625 4108 2691 4180; baseline 0.005 -18"><span class='ocrx_word' id='word_1_488' title='bbox 1625 4108 1747 4180; x_wconf 85' lang='lat' dir='ltr'><strong>quid</strong></span> <span class='ocrx_word' id='word_1_489' title='bbox 1774 4118 1857 4176; x_wconf 90' lang='lat' dir='ltr'><strong>sit,</strong></span> <span class='ocrx_word' id='word_1_490' title='bbox 1881 4120 1895 4144; x_wconf 94' lang='lat'>‘</span> <span class='ocrx_word' id='word_1_491' title='bbox 1916 4117 2185 4166; x_wconf 87' lang='lat' dir='ltr'><strong>Mirabiles</strong></span> <span class='ocrx_word' id='word_1_492' title='bbox 2218 4118 2468 4167; x_wconf 90' lang='lat' dir='ltr'><strong>elationes</strong></span> <span class='ocrx_word' id='word_1_493' title='bbox 2494 4118 2691 4167; x_wconf 71' lang='lat' dir='ltr'><strong>maris!</strong></span> 
     </span>
    </p>

    <p class='ocr_par' dir='ltr' id='par_1_23' title="bbox 1623 4182 2695 4339">
     <span class='ocr_line' id='line_1_65' title="bbox 1690 4182 2695 4261; baseline 0.003 -19"><span class='ocrx_word' id='word_1_494' title='bbox 1690 4199 1785 4243; x_wconf 88' lang='grc'><strong>108</strong></span> <span class='ocrx_word' id='word_1_495' title='bbox 1826 4182 1996 4256; x_wconf 69' lang='lat' dir='ltr'><strong>Vento]</strong></span> <span class='ocrx_word' id='word_1_496' title='bbox 2044 4196 2162 4246; x_wconf 85' lang='lat' dir='ltr'><strong>Qua</strong></span> <span class='ocrx_word' id='word_1_497' title='bbox 2181 4197 2229 4244; x_wconf 87' lang='lat' dir='ltr'><strong>vi</strong></span> <span class='ocrx_word' id='word_1_498' title='bbox 2252 4195 2468 4244; x_wconf 86' lang='lat' dir='ltr'><strong>fulmina</strong></span> <span class='ocrx_word' id='word_1_499' title='bbox 2504 4195 2695 4261; x_wconf 48' lang='lat' dir='ltr'><strong>fractis²</strong></span> 
     </span>
     <span class='ocr_line' id='line_1_66' title="bbox 1623 4272 2639 4339; baseline 0.004 -18"><span class='ocrx_word' id='word_1_500' title='bbox 1623 4276 1680 4329; x_wconf 85' lang='lat' dir='ltr'><strong>et</strong></span> <span class='ocrx_word' id='word_1_501' title='bbox 1697 4272 1835 4323; x_wconf 86' lang='lat' dir='ltr'><strong>elisis</strong></span> <span class='ocrx_word' id='word_1_502' title='bbox 1851 4272 1988 4325; x_wconf 88' lang='lat' dir='ltr'><strong>iuter</strong></span> <span class='ocrx_word' id='word_1_503' title='bbox 2007 4287 2064 4323; x_wconf 86' lang='lat' dir='ltr'><strong>se</strong></span> <span class='ocrx_word' id='word_1_504' title='bbox 2087 4272 2312 4325; x_wconf 87' lang='lat' dir='ltr'><strong>nubibus</strong></span> <span class='ocrx_word' id='word_1_505' title='bbox 2335 4280 2639 4339; x_wconf 48' lang='lat' dir='ltr'><strong>erumpant..</strong></span> 
     </span>
    </p>
   </div>
  </div>
 </body>
</html>
