2925 4928
393 482 401 490 ,
463 411 596 484 246
1158 430 1274 482 cr..
1318 429 1746 482 anumAm
1791 430 1994 481 vm.-

470 579 770 656 Sustulit,
799 585 862 644 et
891 575 1458 661 magno‘porrexit
1489 575 1576 640 ad
1604 577 1837 642 oscula
1866 575 2061 660 patri.
2093 586 2100 593 ·

470 683 624 749 Nec
655 682 900 746 dilatus
928 682 1162 745 henne.
1252 677 1560 742 Mutatus
1591 677 1904 761 Principe
1936 676 2173 742 Caesar

469 785 786 850 Protinus
814 784 1104 867 aequaris
1129 782 1361 847 fratri:
1407 799 1531 845 nee
1560 780 1803 844 certius
1831 799 2126 864 unquam
2511 804 2514 806 ·
2541 774 2675 839 170

470 888 747 953 Hortati
776 885 1057 972 Superi:
1101 885 1297 949 nullis
1325 883 1718 969 praesentior
1747 883 1952 948 aether

470 987 687 1054 Affuit
715 989 1086 1054 ominibus:
1132 989 1421 1053 tenebris
1451 986 1825 1051 involverat
1853 991 1998 1050 atra

471 1091 727 1155 Lumen
744 1091 1000 1175 hyeme,
1031 1091 1401 1174 densosque
1430 1089 1654 1154 Notus
1686 1088 2044 1170 collegerat
2070 1086 2337 1151 imbres.

472 1280 605 1344 patri
619 1279 808 1341 ingenti
825 1282 886 1328 ad
903 1283 1057 1329 oscula
1070 1279 1256 1331 danda.
1273 1281 1435 1344 Neque
1452 1278 1668 1341 dignitas
1689 1279 1880 1326 tardata
1897 1283 1994 1328 est.
2015 1278 2094 1326 Tu
2111 1275 2439 1337 Caesarsactus
2455 1270 2683 1336 princepe

473 1344 637 1394 statim
650 1344 911 1407 adoeqmris
915 1344 1074 1405 fratri
1086 1343 1327 1395 Arcadi0.
1352 1347 1517 1407 Neque
1527 1344 1618 1394 Dii
1631 1357 1919 1407 quenquam
1935 1343 2107 1392 clar-ias
2116 1356 2318 1404 unquam
2326 1339 2683 1409 excitaverunt.-

479 1410 659 1458 Coelum
679 1411 817 1458 nullis
827 1411 1077 1472 praesagiis
1106 1409 1261 1472 magis
1286 1408 1419 1469 favit
1442 1409 1697 1473 cuiquam.
1754 1409 2021 1470 Tempestas
2033 1407 2176 1468 nigra
2192 1406 2518 1454 obscuraverat
2529 1404 2685 1454 luem

473 1473 694 1538 ealigine,
706 1473 928 1524 etAuster
945 1479 1305 1537 congregaverat
1318 1473 1506 1537 pluvias
1524 1474 1710 1536 spissas.
1731 1473 1803 1522 At
1814 1472 1977 1522 statim
1991 1477 2132 1535 atque
2144 1469 2320 1522 milites
2334 1474 2381 1519 te
2394 1469 2688 1518 mlo-unt

1397 1653 1754 1673 OOO‘OOOOOOOO

478 1762 725 1815 Heinsius
784 1766 1096 1830 ascripserat
1135 1782 1274 1833 seqq.
1332 1770 1673 1834 Praesumtum]
1724 1770 1790 1819 de
1835 1782 1963 1818 voce
2002 1765 2382 1831 proesumptionis
2431 1761 2533 1813 vid.
2583 1763 2696 1811 Ca·-

477 1829 623 1880 saub.
646 1830 711 1879 ad
734 1832 875 1882 Hist.
898 1832 1035 1896 Aug.
1058 1848 1109 1896 p.
1134 1838 1181 1884 6.
1205 1841 1262 1883 et
1281 1835 1491 1885 Salmas.
1516 1851 1565 1899 p.
1588 1843 1634 1885 5.
1672 1834 1891 1885 Casaub.
1917 1849 1965 1896 p.
1987 1839 2035 1883 9.
2058 1838 2114 1881 et
2137 1832 2348 1880 Salmas.
2373 1844 2423 1891 p.
2447 1833 2523 1878 11.
2543 1827 2690 1876 idem

479 1901 564 1943 est
595 1895 792 1959 sponsio.
826 1896 900 1945 sic
937 1898 1118 1960 sponsio
1160 1900 1424 1962 adoptionis
1462 1900 1729 1964 Lamprid.
1768 1907 1825 1948 ut
1850 1900 2016 1947 locum
2039 1902 2183 1946 recte
2208 1894 2449 1945 emendat
2469 1893 2690 1942 Salmas.

479 1974 600 2023 pag.
632 1959 833 2010 eadem.
882 1966 992 2010 tunc
1031 1962 1208 2011 lenibus
1245 1964 1345 2013 duo
1385 1965 1529 2015 Med.
1561 1965 1662 2013 duo
1699 1963 1873 2013 Ambr.
1910 1963 2103 2012 Moret.
2143 1976 2221 2024 pr.
2260 1975 2366 2010 eum
2400 1957 2542 2007 Med.
2582 1970 2694 2006 sec.

479 2023 602 2075 Jun.
628 2038 707 2088 pr.
730 2032 800 2074 et.
821 2025 967 2076 Leid.
992 2041 1068 2089 pr.
1117 2028 1310 2077 loenibus
1332 2030 1434 2078 duo
1454 2030 1579 2079 Vat.
1614 2029 1726 2078 Pal.
1764 2029 1901 2078 Prie.
1940 2029 2084 2077 Rott.
2107 2026 2271 2076 Oisel.
2318 2025 2471 2073 lenias
2501 2020 2693 2070 Ambr.

480 2101 584 2137 sec..
642 2089 744 2140 inc.
782 2090 967 2140 Heius.
1035 2093 1212 2141 lenibus
1255 2094 1384 2156 Reg.
1430 2094 1626 2144 Mazar.
1671 2094 1861 2143 Moret.
1904 2107 1979 2156 pr.
2019 2092 2120 2141 duo
2170 2090 2315 2140 Leid.
2353 2089 2454 2138 duo
2500 2087 2697 2141 PetaV.

481 2152 607 2200 item
641 2152 785 2203 Med.
808 2155 936 2205 Exc.
960 2155 1176 2206 Gevart.
1199 2158 1390 2206 loevibus
1412 2158 1731 2208 (ἔρδω-168
1763 2173 1957 2221 puerum
1990 2156 2113 2208 Jun.
2147 2171 2223 2219 pr.
2267 2167 2460 2218 parvum
2501 2150 2695 2200 Petav.

482 2230 561 2279 pr.
602 2218 793 2268 Mor-et.
833 2233 936 2269 sec.
986 2235 1185 2283 parvum
1217 2224 1300 2271 vel
1339 2237 1510 2284 mag-no
1544 2223 1666 2272 Vat.
1708 2229 1877 2287 quart.
1900 2222 2069 2270 Oxou.
2090 2235 2193 2270 sec.
2237 2221 2512 2283 porrexerat
2535 2216 2698 2264 oscula

484 2281 613 2330 Exe.
638 2281 766 2351 Cod.
791 2283 969 2331 Rhem.
1018 2289 1173 2347 patris
1193 2287 1313 2336 Vat.
1336 2288 1503 2351 quint.
1527 2286 1718 2337 Moret.
1736 2290 2004 2336 see—169
2039 2286 2117 2334 Ne
2134 2286 2260 2334 Vat.
2280 2289 2399 2332 tert.
2422 2281 2533 2332 Pal.
2585 2295 2694 2329 mu-

483 2350 616 2394 tatus
635 2347 756 2396 Vat.
779 2361 856 2410 pr.
878 2348 990 2398 Pal.
1010 2350 1164 2400 Farn.
1196 2356 1376 2400 mutato
1397 2351 1589 2402 Moret.
1614 2367 1716 2402 sec.
1737 2352 1860 2409 Jun.
1882 2366 1961 2415 pr.
2008 2351 2210 2400 miratur
2228 2349 2432 2397 Tholos.
2479 2350 2700 2395 mutatur

487 2409 657 2461 Oxon.
678 2412 873 2461 Lovan.
898 2411 1002 2462 duo
1035 2414 1185 2466 Leid.
1209 2416 1378 2468 Pulm.
1401 2415 1525 2467 Ald.
1546 2422 1602 2467 et
1624 2417 1805 2481 reliqui
1823 2415 1933 2466 fere
1951 2429 2143 2464 omnes.
2175 2417 2387 2462 mutatur
2410 2410 2491 2459 vel
2507 2413 2697 2459 mutato

486 2475 674 2527 Petav.
701 2484 820 2527 tert.
838 2482 1085 2528 mutantur
1096 2482 1222 2531 Var.
1246 2481 1350 2532 LL.
1373 2482 1455 2532 ed.
1473 2481 1793 2532 Anna—1⁷0
1809 2482 2009 2545 ‹equaris
2028 2494 2202 2531 omnes
2216 2481 2341 2529 Vat.
2375 2478 2527 2526 Fam.
2550 2476 2696 2528 Prie.

487 2541 635 2590 Rott.
663 2542 827 2592 Oisel.
877 2545 1059 2607 aequari
1094 2545 1241 2597 Med.
1279 2561 1358 2610 pr.
1404 2553 1459 2597 et
1497 2547 1665 2597 Palat.
1713 2551 1925 2610 ‘equatur
1947 2546 2061 2596 Pal.
2112 2560 2197 2594 nec
2218 2544 2390 2592 certius
2413 2540 2592 2598 Ambr.
2613 2556 2696 2603 pr.

484 2620 577 2654 non
599 2606 784 2671 viginti
805 2608 893 2657 alii
917 2615 972 2658 et
1005 2610 1133 2659 Exc.
1171 2610 1389 2661 LucenS.
1427 2625 1530 2662 sec.
1583 2624 1676 2661 non
1705 2613 1834 2662 ocius
1856 2612 2047 2661 Moret.
2072 2613 2308 2675 pre-171
2344 2605 2551 2657 Hortari
2573 2613 2699 2654 octo

488 2670 655 2722 Codd.
678 2672 952 2723 Hortamur
967 2674 1092 2723 Var.
1111 2677 1217 2726 LL.
1241 2677 1324 2727 ed.
1346 2675 1508 2727 Antv.
1535 2678 1690 2726 nunus
1705 2677 1826 2726 Pat.
1847 2678 1979 2740 Reg.
1997 2677 2122 2728 Jun.
2142 2689 2223 2738 pr.
2249 2672 2398 2722 Leid.
2421 2687 2500 2736 pr.
2519 2670 2698 2720 Oxon.

486 2740 650 2785 --172
682 2738 939 2789 violaverat
955 2739 1055 2790 inc.
1075 2741 1256 2792 Heius.
1272 2742 1396 2791 atris
1410 2744 1514 2792 duo
1534 2743 1658 2791 Vat.
1687 2742 1805 2791 Pal.
1828 2743 1980 2791 Faru.
2003 2741 2199 2790 Mazar.
2225 2739 2372 2789 astris
2383 2739 2505 2787 Vat.
2524 2736 2698 2800 quint.

486 2801 608 2848 astri
628 2802 749 2852 Vat.
770 2810 938 2867 quart.
963 2805 1093 2868 Reg.
1115 2806 1234 2857 Pat.
1266 2807 1390 2859 Jun.
1431 2823 1512 2871 pr.
1535 2807 1722 2857 Petav.
1748 2814 1871 2857 tert.
1907 2807 2007 2856 dno
2044 2805 2223 2855 Ambr.
2266 2809 2397 2853 astra
2418 2802 2540 2851 Vat.
2564 2809 2696 2851 tert.

488 2863 637 2939 ‘Rota
659 2866 820 2919 Oisel.
843 2869 1043 2920 Bonon.
1075 2871 1199 2921 Var.
1223 2872 1330 2922 LL.
1364 2872 1446 2922 ed.
1483 2871 1643 2922 Antv.
1665 2887 1733 2923 m.
1758 2887 1837 2936 pr.
1877 2874 2004 2921 Exc.
2044 2871 2261 2920 Gevart.
2281 2874 2390 2918 atra
2412 2866 2514 2917 duo
2550 2866 2699 2932 qu.

488 2942 592 2978 me.
636 2930 816 2981 Heius.
858 2933 1006 2984 Leid.
1051 2949 1131 2997 pr.
1169 2937 1296 2987 Lov.
1339 2937 1538 2987 Thuan.
1595 2944 1704 2986 vet.
1758 2938 1888 3000 Gyr.
1934 2936 2117 2985 Ambr.
2151 2948 2253 2984 sec.
2306 2934 2433 2982 Exc.
2470 2932 2700 2981 Lucem.

491 3007 597 3043 sec.
620 2999 730 3043 atra
752 2996 834 3045 vel
852 3003 984 3046 astra
1005 3000 1129 3050 Var.
1173 3001 1278 3051 LL.
1322 3016 1351 3051 e
1385 3016 1546 3065 marg.
1578 3002 1753 3052 Parm.
1788 3003 1911 3051 atris
1928 3002 2009 3050 vel
2026 3005 2157 3049 astra
2171 2998 2317 3049 Med.
2348 3012 2455 3047 see.
2470 2996 2593 3045 atris
2614 2996 2703 3045 vel

418 3079 431 3086 ¹
490 3058 611 3106 astri
628 3059 815 3110 Petav.
840 3076 917 3125 pr.
937 3067 1046 3112 atra
1062 3065 1146 3113 vel
1167 3066 1288 3114 astri
1309 3066 1436 3115 Exc.
1454 3067 1654 3116 Schott.
1673 3072 1803 3116 astra
1820 3074 1873 3116 et
1896 3065 2095 3116 emend.
2116 3069 2226 3115 atra
2240 3062 2386 3113 Leid.
2406 3077 2509 3112 sec.
2525 3062 2706 3110 Austri

493 3127 550 3170 et
573 3125 775 3175 emend.
796 3128 916 3175 astri
940 3127 1112 3179 Oxou.
1135 3144 1239 3180 sec.
1276 3135 1402 3195 atra,
1422 3133 1505 3181 vel
1524 3131 1664 3195 astri,
1686 3133 1766 3181 vel
1788 3130 1910 3181 atris
1931 3131 2114 3181 Oxou.
2144 3130 2381 3193 pr.-173
2404 3130 2571 3177 densos
2603 3140 2703 3190 pro

1479 3264 1700 3316 NOTAE

495 3391 724 3452 aetatem,
754 3388 884 3438 sumi
921 3394 1078 3455 atque
1110 3394 1301 3457 gestari
1322 3382 1553 3461 coeptum
1631 3397 1807 3447 ambos
1829 3396 1879 3445 in
1903 3395 2125 3447 Oriente
2149 3392 2392 3456 reliquit3
2444 3395 2503 3439 ut
2540 3387 2589 3437 hi
2616 3403 2703 3454 su-

495 3467 597 3513 θθῑ·
1633 3474 1879 3538 perstites
1900 3476 2244 3533 remanerent,
2258 3468 2299 3518 si
2319 3482 2419 3534 qua
2432 3466 2704 3516 calamitas

563 3539 826 3605 Diadema]
875 3542 1108 3594 Fasciam
1131 3546 1422 3611 candidam,
1461 3547 1555 3598 ἀπὸ
1634 3552 1918 3615 ingrueret.

493 3618 581 3666 *⁰²7
600 3620 714 3682 δεῖν,
733 3619 921 3681 ligare?
967 3635 1068 3684 qua
1096 3621 1257 3673 fascia
1278 3619 1557 3689 cin'geban-
1702 3633 1793 3677 171
1831 3626 2039 3677 Hortati
2058 3622 2255 3689 Superi]
2301 3622 2580 3685 Nunquam
2608 3618 2705 3668 Dii

496 3699 584 3745 tur
604 3697 805 3760 Regum
827 3698 1018 3761 capita·
1636 3702 1902 3767 praesagiis
1924 3698 2362 3766 frequentioribus
2375 3694 2706 3754 hortatisunt

563 3775 660 3822 169
694 3772 913 3822 Mutatus
936 3774 1162 3838 Principe
1201 3777 1385 3840 Caesar]
1441 3778 1559 3829 Hoc
1637 3780 1918 3844 quicquam
1942 3776 2140 3838 facere,
2161 3789 2314 3839 quam
2348 3775 2626 3822 voluerunt
2649 3777 2705 3821 te

498 3853 600 3911 est,
618 3847 884 3897 Honorius
923 3850 1099 3900 Caesar
1131 3850 1302 3903 factus
1343 3861 1422 3904 est
1456 3855 1560 3905 Im·
1636 3854 1937 3917 Principem
1959 3851 2093 3902 fieri.

499 3929 732 3989 perator.
786 3924 1322 3993 Principesjuventutis,
1343 3930 1436 3980 filii
1458 3932 1561 3981 Im·
1700 3930 1893 3993 AEtlter]
1928 3926 2047 3976 Ἀπὸ
2082 3926 2168 3975 τοῦ
2205 3924 2367 3986 αἴθειν,
2386 3924 2589 3981 ardere;
2621 3928 2706 3972 est

498 4006 799 4067 peratorum
831 4002 998 4065 primo
1023 4003 1349 4067 dicebantur,
1373 4005 1559 4058 deinde
1638 4007 1773 4057 enim
1799 4021 1914 4070 pars
1950 4003 2185 4068 superior
2222 4001 2373 4063 aeris,
2403 4000 2607 4051 subtilis
2631 4001 2707 4050 in·

464 4149 467 4150 ⁷
498 4078 716 4141 Augusti
736 4077 950 4138 fiebant,
974 4094 1065 4129 seu
1088 4081 1459 4144 Imperatores.
1639 4091 1750 4135 star
1770 4085 1901 4149 ignis
1923 4100 1937 4134 ε
1973 4083 2056 4132 hic
2077 4081 2294 4131 sumitur
2318 4094 2412 4143 pro
2435 4080 2601 4130 Coelo.

568 4159 664 4204 170
695 4154 1112 4221 Εᾳηωῆείναέή]
1166 4158 1429 4210 Honorius
1459 4161 1564 4213 fae·
1707 4167 1803 4213 173
1855 4162 2033 4225 Notus]
2094 4162 2216 4213 Sive
2259 4159 2473 4223 Auster,
2513 4165 2705 4212 ventus

503 4238 589 4281 tus
612 4237 693 4282 est
730 4231 1002 4297 Princeps,
1033 4232 1169 4282 sicut
1205 4239 1260 4282 et
1287 4232 1561 4289 Arcadius.
1640 4238 1769 4291 flans
1788 4255 1820 4290 a
1841 4239 2076 4305 meridie,
2098 4236 2301 4303 pluvias
2323 4248 2525 4288 ereans.

501 4306 816 4358 Theodosius
835 4312 1020 4359 contra
1053 4307 1341 4373 Eugenium
1375 4310 1560 4376 iturus,
2382 4320 2386 4324 '
