2925 4928
471 429 609 501 102
1200 449 1317 499 ct..
1363 432 1791 499 ant‘JmA'm
1837 434 1953 499 11'1.

477 594 806 660 Rufinus:
852 615 1048 679 quem
1079 596 1298 680 prima
1324 617 1475 661 meo
1503 596 1587 659 de
1617 601 1826 661 matre
1863 594 2204 661 cadentem

479 696 768 781 Suscepi
795 701 1082 779 gremio:
1128 718 1372 782 parvus
1398 698 1687 781 reptavit
1712 700 1779 760 in
1808 699 1936 763 isto
2014 743 2022 748 -

481 798 682 883 Saepe
710 801 879 877 sinu,
904 806 1131 864 tenero
1161 820 1413 883 perque
1443 802 1653 864 ardua
1685 801 1861 863 colla
1888 799 2155 864 volutus

482 900 713 965 Ubera
742 904 1048 985 quaesivit
1074 904 1261 979 fletu,
1292 904 1669 985 linguisque
1698 904 1987 967 trisulcis
2594 890 2694 965 95

483 1002 719 1067 Mollia
743 1005 1110 1069 lambentes
1136 1005 1472 1069 finxerunt
1499 1026 1615 1070 ora
1646 1013 1950 1071 cerastae.

485 1104 737 1188 Meque
769 1108 974 1171 etiam
999 1109 1290 1189 tradente
1321 1109 1514 1172 dolos
1546 1116 1883 1191 artemque
1911 1107 2193 1172 nocendi

486 1206 826 1274 Edidicit:
876 1212 1190 1275 simulare
1218 1212 1435 1288 fidem,
1467 1232 1843 1294 sensusque
1872 1213 2169 1275 minaces

489 1412 572 1456 ‘St
595 1408 811 1484 Rufina-⁹,
850 1426 984 1473 quem
1018 1426 1115 1474 ego
1148 1413 1283 1476 prior·
1316 1414 1470 1477 recepi
1493 1415 1542 1463 in
1563 1415 1670 1464 sinu
1692 1429 1793 1464 meo
1812 1417 2077 1462 nascentem
2099 1427 2160 1461 ex
2180 1415 2333 1460 matre
2348 1426 2364 1458 .·
2414 1406 2502 1457 ille
2533 1405 2707 1467 infans

489 1478 697 1535 'eptam‘
722 1474 1000 1538 frequenter
1033 1479 1084 1526 in
1120 1479 1205 1527 hoc
1236 1481 1439 1540 gremia,
1460 1486 1601 1543 atque
1618 1481 1787 1541 vagitu
1818 1480 1947 1526 molli
1980 1492 2149 1539 repens
2178 1492 2264 1539 per
2301 1474 2525 1523 cervicem
2544 1475 2703 1521 altam

490 1539 746 1600 vestigavit
768 1556 1012 1602 mammas,
1029 1548 1076 1590 et
1095 1549 1333 1606 serpentes
1353 1547 1599 1594 adulantes
1622 1546 1719 1609 ipsi
1744 1545 1922 1605 linguis
1937 1543 2113 1607 trifidis
2132 1541 2463 1601 seminaverunt
2485 1553 2536 1585 οε
2550 1540 2698 1587 tenel-

493 1602 606 1652 lum.
682 1605 751 1652 Et
781 1611 1017 1669 praeterea
1049 1608 1219 1657 didicit
1245 1609 1465 1673 fraudes,
1499 1613 1740 1673 modosque
1772 1608 2116 1670 ”calefac-tendi,
2149 1609 2340 1681 deperite
2376 1620 2448 1654 me
2461 1619 2479 1662 ,·
2525 1603 2707 1652 didicit

1422 1784 1780 1803 OOOOOOOOOOOO

497 1902 666 1959 quart.
690 1896 804 1945 Pal.
825 1898 977 1947 Farn.
995 1899 1137 1948 Prie.
1160 1902 1302 1950 Rott.
1330 1901 1490 1950 Oisel.
1525 1901 1698 1949 Acrius
1718 1897 1914 1964 flii-piis
1933 1901 2108 1950 Vicet.
2143 1898 2337 1948 Actrius
2356 1897 2508 1945 Fam.
2542 1891 2713 1956 refluis

496 1961 624 2009 Var.
651 1962 758 2011 LL.
784 1963 866 2010 ed.
886 1962 1043 2013 Antv.
1071 1964 1154 2013 ed.
1176 1966 1360 2028 Isingr.
1383 1965 1537 2025 sultis
1556 1974 1659 2014 vet.
1682 1966 1809 2028 Gyr.
1831 1967 1947 2014 Pal.
1966 1968 2119 2014 Farn.
2137 1965 2291 2022 salvis
2313 1960 2554 2024 velflavis
2570 1960 2709 2008 Exc.

496 2026 717 2074 Lucens.
753 2027 989 2090 flavisqae
1014 2029 1157 2078 Med.
1183 2040 1350 2093 quart.
1376 2030 1520 2079 Leid.
1548 2045 1651 2079 sec.
1672 2032 1799 2080 Exc.
1824 2031 2039 2079 Gevart.
2063 2030 2245 2093 reliqui
2269 2027 2388 2076 libri
2414 2024 2577 2089 flavis.
2630 2025 2710 2072 iri·¹

496 2091 668 2139 certior
691 2091 807 2139 Pal.
833 2093 1166 2142 'Philam—92
1204 2095 1326 2150 Quae
1343 2096 1518 2144 Vicet.
1545 2096 1846 2144 Parim—93
1877 2110 2053 2158 parvus
2070 2093 2276 2157 reptavit
2302 2106 2475 2140 omnes
2500 2089 2711 2151 scripti,

498 2155 632 2203 Exc.
656 2155 870 2204 Gevart.
894 2166 946 2204 et
971 2159 1191 2208 LucenS.
1214 2159 1335 2209 Ald.
1360 2160 1443 2208 ed.
1466 2161 1642 2208 Parm.
1668 2168 1722 2208 et
1745 2161 1916 2209 Vicet.
1979 2159 2184 2222 reptavit
2223 2172 2396 2222 parvus
2418 2155 2500 2204 ed.
2539 2154 2711 2203 Gesn-

498 2221 711 2282 raptavit
750 2221 945 2269 auh—94
972 2228 1224 2286 ‘teneroque
1254 2240 1341 2287 per
1378 2227 1529 2273 ardua
1568 2240 1744 2274 omnes
1778 2224 1887 2275 fere
1925 2225 2089 2273 Codd.
2114 2225 2239 2272 Mss.
2267 2223 2449 2270 Heius.
2472 2226 2526 2268 et
2545 2219 2713 2268 Gesn.

499 2288 658 2332 tenero
679 2300 851 2348 perque
871 2289 1019 2335 ardua
1039 2289 1159 2337 Vat.
1184 2304 1285 2338 see.
1310 2291 1521 2338 FarneS.
1546 2289 1628 2339 ed.
1654 2290 1827 2340 Parm.
1851 2292 2022 2339 Vicet.
2045 2290 2192 2338 Delr.
2216 2288 2416 2351 Gryph.
2442 2285 2629 2347 Isingr.
2653 2293 2714 2334 et

504 2348 709 2398 Claver.
748 2351 834 2414 qui
868 2353 974 2399 sinu
1012 2358 1170 2401 tenero
1212 2355 1498 2419 conjungit.
1560 2357 1719 2404 colata
1747 2357 2028 2404 volvolutus
2050 2356 2169 2417 Vat.
2194 2356 2492 2417 quarn—95
2532 2350 2713 2398 Oscula

504 2413 647 2462 Prie.
686 2414 847 2463 Oisel.
882 2417 1082 2466 Tliuan.
1117 2419 1306 2470 Moret.
1349 2435 1428 2484 pr.
1504 2419 1657 2470 Ubera
1699 2422 1781 2469 vel
1818 2422 1987 2470 Oscula
2012 2417 2157 2471 Leid.
2184 2435 2261 2483 pr.
2285 2417 2430 2467 Med.
2459 2422 2628 2480 quart·
2654 2421 2716 2462 et
2769 2460 2775 2469 .

505 2480 640 2529 alter
665 2480 856 2531 Moret.
905 2483 1045 2546 flexu
1072 2483 1191 2534 Vat.
1217 2486 1382 2549 quint.
1407 2501 1437 2534 a
1461 2502 1527 2535 ιιι.
1554 2491 1765 2548 [ηπ-96
1783 2487 2004 2552 fixerunt
2030 2486 2158 2548 Reg.
2198 2487 2380 2533 Petav.
2404 2497 2508 2530 sec.
2534 2481 2714 2529 Oxou.

505 2558 612 2593 see.
635 2547 785 2594 Farn.
812 2548 891 2596 ed.
917 2548 1088 2596 Vicet.
1112 2550 1287 2597 Parni.
1312 2550 1499 2614 Isingr.
1524 2558 1578 2600 et
1602 2550 1804 2614 Gryph.
1824 2551 2079 2616 finxerunt
2106 2549 2414 2614 velfixerunt
2432 2548 2603 2595 Oxon.
2631 2561 2717 2608 pr.

506 2625 589 2658 vra
612 2610 714 2659 duo
738 2613 857 2662 Vat.
883 2613 1023 2662 Prie.
1063 2614 1210 2664 Rott.
1252 2615 1417 2665 Oisel.
1456 2616 1654 2665 Thuan.
1692 2616 1833 2664 Med.
1869 2631 1971 2665 sec.
2015 2617 2198 2665 Petav.
2221 2630 2299 2676 pr.
2362 2611 2565 2661 membra
2586 2611 2714 2660 Vat.

506 2682 677 2737 quart.
701 2683 755 2725 et
778 2678 943 2740 quint.
968 2679 1119 2728 Fam.
1142 2680 1259 2729 Pal.
1326 2680 1532 2741 membra
1557 2681 1638 2730 vel
1659 2697 1741 2730 ora
1763 2682 1883 2729 Vat.
1909 2688 2018 2745 opt.
2045 2682 2168 2730 Put.
2193 2681 2423 2729 Floreat.
2489 2680 2719 2724 ceraustoe

507 2740 791 2790 Pam—97
804 2761 805 2764 ¹
828 2743 999 2808 Meque
1022 2744 1168 2793 etiam
1191 2746 1315 2795 trad.
1337 2749 1387 2795 d.
1412 2747 1535 2795 Vat.
1563 2754 1798 2810 quatuor,
1837 2754 1942 2794 tres
1983 2746 2169 2795 Petav.
2207 2745 2331 2810 Put.
2369 2744 2565 2792 Mazar.
2593 2740 2719 2800 du0‚

510 2804 658 2854 Med.
699 2807 819 2870 duo,
843 2808 1022 2857 Heius.
1065 2811 1190 2858 Lov.
1234 2812 1426 2860 Moret.
1467 2813 1667 2860 Bonon.
1704 2812 1909 2859 Thalos
1934 2810 2056 2859 Pat.
2081 2819 2186 2860 tres
2212 2807 2393 2858 Ambr.
2419 2809 2590 2857 Oxou.
2613 2821 2720 2855 sec.

510 2869 661 2918 Leid.
687 2885 792 2919 sec.
818 2873 943 2930 Vat,
966 2873 1132 2921 Livin.
1154 2874 1340 2925 Selied.
1364 2876 1501 2926 Gud.
1526 2877 1609 2924 ed.
1634 2876 1807 2924 Vicet.
1833 2877 2020 2938 Isingr.
2059 2891 2132 2923 me
2165 2876 2379 2923 tradente
2401 2875 2527 2922 dolos
2556 2876 2726 2933 gestus

510 2939 747 2996 artemque
766 2951 816 2984 a.
844 2938 995 2985 Farn.
1021 2938 1162 2988 Prie.
1187 2940 1332 2989 Rott.
1356 2940 1519 2989 Oisel.
1543 2941 1644 2989 duo
1670 2941 1814 2990 Med.
1838 2942 2070 2989 Floreat.
2106 2939 2289 2988 Ambr.
2315 2954 2417 2987 ser..
2440 2938 2564 2985 Put.
2594 2952 2625 2984 a
2648 2952 2722 2986 m.

512 3013 618 3048 sec.
643 2999 765 3050 Pat.
790 3015 883 3064 pro
907 3017 1015 3052 var.
1038 3003 1161 3052 lect.
1198 3006 1320 3054 Exc.
1344 3005 1477 3054 Laeti
1514 3013 1568 3054 et
1611 3006 1830 3054 Lucens.
1853 3020 1957 3054 sec.
2004 3003 2247 3054 Heinsius
2270 3003 2481 3065 legebat
2503 3006 2725 3063 astusque

512 3069 752 3127 artemque
772 3068 984 3116 nocendi.
1019 3073 1230 3131 artesque
1255 3069 1427 3119 Oxou.
1470 3085 1548 3130 pr.
1591 3070 1735 3119 Leid.
1770 3085 1849 3134 pr.
1875 3072 2002 3134 Reg.
2027 3071 2230 3118 Bonon.
2268 3068 2369 3118 duo
2404 3068 2591 3116 Petav.
2615 3068 2723 3115 duo

514 3129 660 3178 Med.
688 3130 902 3179 totidem
928 3132 1110 3182 Heius.
1144 3141 1200 3183 et
1238 3133 1420 3184 Ambr.
1444 3136 1573 3185 Exc.
1608 3137 1827 3185 Lucens.
1852 3139 2059 3198 pr.—-98
2096 3135 2310 3183 Edidict't
2332 3133 2431 3182 duo
2453 3133 2575 3181 Vat.
2601 3131 2725 3183 Pal.

513 3194 667 3244 Fara.
708 3195 849 3246 Prie.
890 3198 1035 3249 Rott.
1078 3199 1238 3248 Oisel.
1261 3200 1384 3249 Vat.
1408 3215 1511 3249 sec.
1537 3216 1566 3249 a
1589 3215 1656 3248 m.
1692 3214 1797 3250 sec.
1855 3202 1926 3249 Et
1945 3200 2117 3248 didicit
2140 3201 2207 3248 al.
2232 3199 2305 3248 ita
2326 3199 2546 3248 Gesner.
2598 3198 2725 3245 Cum

515 3258 685 3309 didicit
705 3261 826 3311 Vat.
850 3269 1020 3325 quart.
1043 3279 1074 3312 a
1096 3279 1163 3314 m.
1186 3279 1263 3328 pr.
1296 3266 1537 3329 vultusque
1558 3266 1763 3315 minaces
1782 3264 1978 3315 Min-et.
2002 3279 2108 3315 sec.
2152 3265 2383 3313 vicinantes
2402 3264 2549 3313 Rott.
2570 3262 2724 3311 Med.

1518 3458 1733 3508 NOTAE

513 3581 835 3649 pyii8‚flw²'e,
853 3587 934 3648 ξε·
1665 3589 1738 3639 ait
1760 3587 1999 3638 Rufinum
2023 3600 2163 3637 suam
2185 3598 2299 3634 esse
2322 3583 2517 3648 prolem
2557 3582 2731 3646 legitis

585 3661 784 3724 Euripi]
851 3662 1074 3727 Euripus
1109 3668 1189 3714 est
1224 3662 1418 3715 fretum
1444 3665 1585 3714 inter
1664 3680 1816 3715 mam.

520 3738 779 3788 Boeotiam
802 3746 856 3788 et
882 3740 1146 3802 Euboeam,
1167 3742 1362 3805 septies
1396 3741 1501 3803 die,
1523 3756 1585 3792 ac
1730 3747 1794 3791 95
1835 3742 1992 3791 Ubera
2011 3738 2251 3804 quesivit]
2316 3736 2422 3786 Alii
2443 3734 2641 3799 legunt,
2662 3747 2733 3783 οε-

520 3821 694 3875 nocte,
727 3811 966 3863 fiuctibus
1005 3817 1227 3866 invicem
1265 3819 1444 3878 versis,
1479 3826 1586 3869 tam
1666 3821 1790 3879 atla,
1811 3833 1907 3867 nee
1930 3818 2081 3866 male.
2717 3838 2723 3844 ·

522 3891 704 3955 rapide
745 3889 928 3951 fluens,
960 3901 1020 3941 nt
1061 3894 1262 3954 navigia
1300 3897 1469 3945 ventis
1508 3911 1587 3946 re·
1731 3899 1798 3944 96
1832 3890 2125 3953 Finxerant]
2175 3892 2418 3939 Ursorum
2443 3888 2624 3951 instar,
2645 3887 2733 3952 qui

523 3968 870 4032 pugnantibus
913 3969 1153 4032 abripiat.
1226 3971 1363 4020 Hine
1397 3972 1588 4022 dicitur
1668 3971 1942 4020 lambendo
1990 3972 2237 4032 rumpunt
2295 3965 2566 4030 pelliculas
2618 3973 2732 4029 quae

524 4044 738 4108 Euripus
758 4044 906 4098 home,
926 4044 976 4091 id
1001 4054 1097 4104 est,
1118 4046 1428 4096 inconstans.
1671 4048 1868 4097 catulos
1894 4047 2181 4095 involvunt.

588 4126 654 4171 92
687 4123 766 4172 De
785 4127 936 4171 matre
954 4123 1221 4185 cadentem]
1289 4122 1458 4172 infans
1500 4140 1587 4175 na·
1737 4125 1969 4187 Cerastoe]
2002 4122 2183 4173 Genus
2198 4125 2519 4184 serpentum,
2541 4120 2630 4185 qui
2663 4120 2736 4171 sie

527 4205 613 4252 tus
628 4200 767 4249 humi
784 4199 1160 4263 deponebatur,
1173 4214 1290 4249 mex
1306 4201 1590 4250 tollebatur
1669 4201 1800 4252 dicti
1834 4208 2019 4250 sunt-a
2055 4197 2458 4264 quadrigeminis
2493 4196 2739 4250 cornibus

528 4290 682 4326 manu
708 4276 892 4340 patris,
907 4283 995 4325 aut
1016 4277 1215 4341 matris,
1230 4276 1367 4341 quod
1389 4277 1590 4341 signum
1672 4295 1787 4347 quae
1807 4287 2049 4345 exerunt,
2067 4275 2223 4345 κέρας,
2241 4290 2545 4342 marstem.
2645 4290 2649 4293 ⁴

530 4358 646 4409 ent
675 4353 925 4424 legitimae
962 4352 1139 4423 prolis.
1210 4353 1310 4409 θὶς
1355 4354 1596 4420 Megaera
