2925 4928
404 369 540 444 mo
1102 385 1222 434 οι..
1269 381 1698 433 cunnum
1748 383 1920 437 xxr.

409 532 629 618 Regia
657 532 1005 599 Romanus
1033 529 1347 620 (Esquirit
1374 530 1652 598 crimina
1678 550 1924 597 carcer.
2491 525 2624 602 Μ

409 638 865 703 Marcomeres
898 636 1262 719 Sonnoque
1292 636 1536 701 docent
1568 655 1584 699 ι
1626 655 1909 719 quorum
1942 635 2106 700 alter
2135 635 2494 712 Etruscum
2611 655 2616 662 ‘¹
2717 641 2727 650 “

408 739 691 806 Pertulit
718 740 990 804 exilium
1015 760 1033 819 ;
1079 758 1234 816 cum
1265 759 1339 804 se
1369 739 1780 823 promitteret
1809 740 1976 804 alter

408 841 650 908 Exulis
680 843 980 921 ultorem,
1003 843 1230 926 jacuit
1256 860 1571 907 mucrone
1601 861 1872 906 suorum
1904 862 1920 906 ι
1947 901 1954 910 .

404 943 552 1010 Res
582 945 765 1009 avidi
795 946 1059 1009 concire
1086 962 1319 1021 novas,
1352 943 1645 1027 odioque
1667 943 1967 1009 furentes

406 1048 638 1128 Pacis,
669 1054 738 1111 et
766 1048 1032 1130 ingenio
1048 1049 1515 1132 ,scelerumque
1547 1048 1866 1132 cupidine
1896 1048 2155 1112 fratres.
2494 1048 2625 1114 245

408 1148 577 1236 Post
604 1151 895 1215 domitas
926 1149 1174 1216 Arctos
1205 1153 1339 1216 alio
1371 1152 1747 1236 prorumpit
1775 1154 1863 1224 ab
1893 1171 2024 1215 axe

408 1254 810 1338 Tempestas
835 1276 851 1334 ;
883 1261 970 1332 et,
1001 1275 1089 1322 ne
1119 1274 1256 1338 qua
1282 1256 1417 1322 tuis
1446 1256 1702 1320 intacta
1730 1256 2016 1339 tropaeis

412 1353 588 1422 Pars
612 1357 807 1433 foret,
839 1354 1176 1424 Australis
1206 1359 1438 1423 sonuit
1457 1359 1642 1423 tuba.
1736 1358 2051 1430 Moverat
2080 1377 2303 1428 amens

411 1538 511 1588 lera
533 1539 737 1599 Regum.
806 1537 1122 1587 Marcomeres
1152 1543 1200 1587 et
1238 1538 1392 1588 Sanno
1417 1539 1469 1589 id
1493 1544 1765 1595 testantur:
1802 1555 1996 1603 quorum
2020 1540 2144 1589 alter
2161 1555 2326 1603 passus
2346 1542 2415 1589 est
2432 1538 2630 1588 exilium

411 1604 466 1653 in
515 1602 736 1664 mscia,
768 1607 815 1651 et
840 1605 962 1651 alter
992 1618 1096 1651 cum
1116 1606 1363 1666 sponderet
1396 1620 1446 1653 se
1465 1605 1699 1653 vindicem
1718 1604 1827 1653 fore
1846 1606 2019 1668 exulis,
2038 1605 2217 1654 occisus
2237 1612 2306 1654 est
2325 1605 2507 1667 gladiis
2526 1618 2627 1652 suo·

410 1684 534 1718 ram.
601 1668 685 1716 lui
731 1666 884 1716 ambo
923 1668 1085 1731 cupidi
1124 1676 1277 1719 erant
1316 1671 1478 1719 moliri
1511 1685 1588 1718 res
1623 1684 1780 1732 novas,
1812 1674 1859 1718 et
1896 1675 2144 1719 soevientes
2163 1670 2268 1719 odio
2289 1672 2439 1734 pacis,
2460 1668 2626 1729 etsra·

410 1739 513 1802 pres
531 1734 687 1782 indole
702 1737 750 1781 et
771 1732 1032 1796 cupiditate
1063 1734 1334 1784 criminum.
1424 1736 1542 1783 Post
1577 1734 1973 1797 Septentrionem
2003 1736 2264 1795 subactam,
2284 1736 2488 1799 procella
2511 1734 2627 1783 belli

411 1801 619 1862 erumpit
661 1799 721 1847 ab
752 1799 903 1847 altero
925 1801 1136 1894 cardine,
1168 1804 1216 1848 et
1247 1815 1306 1849 ne
1337 1815 1427 1863 qua
1458 1801 1592 1862 regio
1610 1803 1843 1849 inaccessa
1866 1801 2078 1850 victoriis
2097 1801 2195 1849 tuis
2226 1770 2510 1864 remaneret,
2525 1800 2627 1848 bae-

1340 1915 1489 1933 ‘em
1494 1914 1698 1933 OOOOOO

412 1992 532 2037 rent
534 1992 711 2037 .—-240
744 1988 978 2037 Romanis
1015 1988 1095 2038 ed.
1138 1954 1314 2038 Vicet.
1367 1988 1576 2051 acquirit
1615 1989 1807 2038 Moret.
1840 2003 1944 2038 sec.
2000 1990 2254 2051 descrepsit
2289 1954 2437 2038 Med.
2461 1993 2629 2052 quart.

410 2055 640 2103 discurrit
662 2054 784 2103 Vat.
807 2068 883 2116 pn·
909 2054 1054 2103 Rott.
1077 2052 1222 2103 Pric.
1249 2052 1395 2103 Med.
1417 2067 1522 2102 sec.
1543 2054 1644 2102 inc.
1670 2053 1853 2103 Heius.
1893 2054 2015 2103 Put.
2035 2054 2219 2103 Petav.
2237 2068 2342 2102 sec.
2374 2054 2503 2103 LoV.
2529 2051 2630 2102 duo

412 2117 598 2168 Ambr.
653 2119 844 2168 nomina
866 2119 980 2168 Pal.
1019 2120 1214 2169 Thoan.
1268 2117 1460 2167 nomina
1490 2118 1574 2166 vel
1595 2119 1798 2168 crimina
1820 2119 1963 2168 Med.
1999 2134 2079 2183 pr.
2081 2123 2242 2168 -241
2280 2118 2631 2168 Marchomares

412 2183 610 2238 Moret.
635 2198 743 2232 sec.
803 2183 1128 2233 Marcomeres
1160 2183 1306 2233 Leid.
1332 2198 1409 2246 p.r
1448 2181 1632 2233 Ambr.
1657 2199 1760 2234 sec.
1786 2183 1929 2232 Med.
1954 2190 2080 2235 tert.
2104 2183 2228 2233 Put.
2252 2183 2374 2232 Pat.
2403 2182 2506 2232 duo
2530 2182 2631 2231 Pe·
2658 2190 2665 2195 ’

416 2257 525 2298 tav.
550 2248 682 2297 Exc.
708 2249 928 2297 anens.
971 2263 1051 2312 pr.
1092 2248 1178 2297 ed.
1215 2249 1384 2297 Vicet.
1437 2249 1769 2298 Marcomannes
1789 2250 1934 2299 Rott.
1970 2249 2165 2299 Moret.
2201 2263 2280 2312 pr.
2316 2248 2421 2297 inc.
2448 2248 2631 2300 Heius.

415 2313 694 2363 1.ov.Exc.
720 2313 874 2363 Laeti.
930 2313 1391 2362 MarcomeacsVat.
1417 2321 1592 2378 quart.
1616 2314 1729 2365 Pal.
1768 2314 1914 2363 Med.
1937 2328 2041 2364 sec.
2064 2305 2253 2364 Petav.
2278 2328 2356 2377 pr.
2376 2314 2503 2362 Var.
2528 2313 2630 2363 LL.

413 2392 625 2441 emarg,
644 2377 825 2427 Parm.
877 2378 1190 2428 Marcomeres
1232 2379 1433 2427 Bonon.
1493 2378 1814 2428 Marcomeres
1853 2380 1975 2428 Vat.
2013 2394 2091 2443 pr.
2127 2385 2183 2429 et
2206 2385 2328 2429 tert.
2352 2379 2496 2432 Pric.
2517 2379 2631 2427 Flo·

410 2449 553 2495 rent.
572 2443 717 2495 Med.
741 2458 822 2508 pr.
845 2443 976 2507 Reg.
999 2444 1198 2493 Thuan.
1225 2443 1424 2503 Mazar.
1444 2442 1652 2494 Tholos.
1692 2442 1875 2495 Ambr.
1898 2459 1977 2509 pr.
2004 2445 2134 2494 Exc.
2160 2444 2380 2495 Gevart.
2438 2444 2633 2493 Marca-

412 2524 576 2560 manes
616 2510 768 2558 Fam.
825 2510 1153 2574 Marcomyrus
1185 2510 1317 2558 Exc.
1357 2499 1513 2558 Laeti.
1564 2510 1917 2560 Manhomenes
1961 2510 2042 2559 vel
2092 2511 2437 2559 Marthometes
2486 2508 2628 2558 Med.

453 2582 588 2624 uart.
617 2574 858 2623 Heinsius
883 2590 1026 2640 seqq.
1051 2580 1340 2623 notaverat.
1377 2572 1570 2638 ‘Apud
1605 2575 1872 2625 Victorem
1900 2576 1951 2623 in
1996 2574 2249 2624 Antonini
2287 2575 2398 2624 vita
2435 2573 2631 2623 mentio

412 2590 475 2693 gt
498 2640 814 2689 Marcomari
847 2640 1003 2705 Regis
1029 2640 1530 2689 Marcomannorum.
1571 2639 1683 2704 ejus
1726 2641 1869 2690 locus
1892 2647 1975 2689 est
1996 2641 2133 2704 apud
2160 2640 2379 2690 Casaub.
2404 2638 2472 2688 ad
2493 2639 2631 2689 Hist.

411 2703 551 2769 Aug.
570 2720 688 2768 pag.
712 2704 811 2754 74.’
864 2698 1108 2769 Suenoque
1147 2706 1273 2754 Vat.
1296 2719 1403 2754 sec.
1441 2704 1543 2753 inc.
1583 2705 1767 2754 Heins-
1789 2705 1974 2755 Ambr.
1998 2720 2102 2756 sec.
2125 2706 2208 2755 ed.
2232 2706 2411 2755 Parm.
2451 2699 2635 2754 Sunno-

522 2771 652 2820 Exc.
680 2772 901 2820 Lucens.
926 2784 1007 2833 pr.
1058 2769 1297 2833 Sunioque
1318 2769 1503 2819 Ambr.
1527 2776 1653 2819 tert.
1708 2770 1990 2834 Summoque
2031 2770 2172 2820 Leid.
2216 2784 2295 2834 pr.
2337 2769 2485 2819 Med.
2512 2775 2635 2821 tert.

413 2784 642 2897 mnam]
645 2851 701 2884 ae
734 2836 834 2884 duo
868 2836 1014 2884 Vatt.
1071 2835 1315 2898 &unoque
1347 2836 1493 2884 Rott.
1534 2835 1680 2886 Med.
1724 2850 1803 2900 pr.
1840 2835 1972 2898 Reg.
2006 2836 2132 2885 Put.
2175 2836 2369 2885 Moret.
2406 2849 2486 2898 pr.
2529 2833 2633 2885 duo

414 2899 603 2950 Petav.
626 2902 755 2949 Exc.
780 2900 930 2950 Laeti.
987 2899 1168 2963 Sumpn
1169 2916 1285 2963 oque
1320 2899 1462 2949 Med.
1497 2915 1601 2950 sec.
1660 2899 1950 2964 Sompnoqae
1988 2902 2143 2950 Farn.
2181 2901 2411 2950 Florent.
2406 2851 2638 2953 p0Thuan

415 2964 615 3015 Mazar.
652 2966 856 3016 Tholos.
891 2965 1086 3014 Moret.
1130 2980 1210 3029 pr.
1243 2965 1347 3014 duo
1391 2965 1566 3016 Oxou.
1622 2965 1882 3029 Somnoque
1917 2965 2099 3022 Ambr,
2146 2980 2227 3030 pr.
2268 2967 2471 3014 Bonon.
2511 2965 2632 3014 Pet.

415 3026 602 3079 Petav.
625 3045 731 3078 sec.
787 3031 1028 3105 Sopnoque
1050 3031 1196 3079 Med.
1219 3037 1391 3095 quart.
1447 3030 1739 3094 Sompnoque
1770 3031 1854 3079 vel
1886 3019 2128 3094 Suenoqae
2171 3031 2300 3079 LoV.
2358 3031 2635 3094 Sonmnque

416 3094 548 3145 Exc-
573 3095 708 3144 Laeti
732 3109 803 3143 ιιι.
827 3109 937 3144 sec.
956 3095 1085 3144 item
1107 3095 1341 3158 Semque
1363 3097 1446 3143 vel
1476 3096 1643 3159 Onnoq
1648 3111 1718 3145 ue.
1739 3096 2037 3159 Flininsque
2058 3096 2142 3144 vel
2176 3095 2425 3158 Sunnoque
2444 3096 2638 3144 Moret.

410 3173 519 3211 sec.
536 3161 683 3208 docet
705 3159 832 3210 Put.
856 3160 988 3223 Reg.
1011 3160 1130 3210 Pat.
1153 3160 1354 3209 ’.Πιοιοε
1386 3159 1490 3209 duo
1512 3161 1700 3210 Petav.
1723 3167 1783 3210 et
1815 3159 1999 3210 Ambr.
2048 3163 2214 3210 docent
2235 3160 2384 3210 Leid.
2404 3175 2487 3226 pr.
2513 3161 2634 3221 vat,

414 3225 579 3290 quint.
616 3225 731 3275 Pal.
776 3226 930 3275 Fam.
979 3224 1123 3275 Prie.
1158 3223 1281 3274 And.
1327 3226 1457 3275 Exc.
1512 3226 1647 3275 Laeti
1680 3232 1734 3275 et
1780 3227 1996 3276 Gevart.
2048 3220 2281 3275 Etruscas
2315 3226 2441 3277 Vat.
2485 3239 2635 3290 pr.—

412 3295 512 3342 242
545 3291 780 3340 auxilium
812 3289 960 3342 Med.
1010 3306 1082 3339 ιιι.
1127 3304 1206 3353 pr.
1208 3294 1371 3339 -243
1404 3295 1642 3340 auctorem
1672 3291 1878 3340 Tholos.
1880 3294 2044 3341 ——244
2077 3290 2241 3340 avidas
2282 3290 2405 3341 Vat.
2460 3295 2633 3355 quart.

409 3356 566 3407 Fam.
592 3356 729 3407 Pric.
776 3355 986 3414 consenc
1024 3356 1147 3406 Put.
1200 3356 1385 3405 concire
1417 3355 1608 3405 Petav.
1631 3372 1711 3420 pr.
1735 3358 1865 3407 Exc.
1897 3357 2099 3405 Schott.
2162 3356 2370 3405 conscire
2410 3361 2636 3418 quatuor

413 3422 561 3473 Vatt.
584 3421 701 3472 Pal.
723 3422 871 3471 Pric
894 3420 1056 3471 Oisel.
1080 3422 1211 3471 Exc.
1245 3421 1381 3470 Laeti
1415 3428 1471 3471 et
1511 3422 1635 3470 Var.
1678 3423 1784 3472 LL.
1826 3421 1911 3471 ed.
1953 3420 2114 3471 Antv.
2157 3420 2383 3480 fruentes
2422 3421 2636 3470 Rotn—

415 3490 515 3539 845
546 3487 774 3550 celerique
804 3487 889 3536 ed.
925 3485 1101 3536 Vicet.
1155 3487 1471 3549 scelerumque
1511 3488 1595 3536 vel
1638 3488 1868 3551 celerique
1905 3487 2036 3536 Exc.
2082 3486 2404 3539 Lana—246
2436 3485 2642 3534 domitos

415 3552 550 3603 Exc.
574 3551 795 3602 Gevart.
849 3551 1025 3602 Arctos
1066 3552 1192 3601 Vat.
1232 3568 1314 3616 pr.
1365 3567 1497 3600 arces
1531 3551 1655 3602 Pat.
1705 3552 1854 3616 Alpes
1899 3552 2016 3601 Vat.
2065 3566 2173 3601 sec.
2210 3551 2326 3601 Pal.
2362 3551 2512 3600 Med.
2559 3564 2635 3613 pr.

415 3617 616 3669 Thuan.
670 3618 818 3681 Alpes
837 3618 921 3666 vel
945 3617 1120 3666 Arctos
1160 3618 1286 3667 Lov.
1338 3618 1603 3680 prorumpit
1643 3617 1746 3666 duo
1789 3618 1931 3666 Vatt.
1973 3617 2194 3666 totidem
2214 3615 2362 3667 Med.
2412 3615 2634 3680 prorupit

416 3688 526 3735 tres
549 3683 697 3732 Vatt.
722 3684 836 3734 Pal.
878 3681 1021 3733 Prie.
1046 3681 1212 3731 Oisel.
1239 3683 1472 3731 Florent.
1495 3682 1600 3731 duo
1622 3681 1805 3732 Medd.
1836 3683 1960 3732 Pat.
1982 3681 2085 3732 duo
2109 3683 2283 3733 Oxou.
2284 3685 2636 3731 -248mooe-

1423 3813 1637 3865 NOTAE

481 3927 579 3976 241
614 3925 950 3990 Marcomeres,
970 3924 1152 3989 Somw]
1205 3928 1304 3978 Vel
1341 3929 1485 3992 Mar-
1566 3934 1668 3993 est,
1691 3926 1910 3991 feroces,
1929 3924 2232 3991 appellavit.
2234 3922 2249 3945 ’
2295 3921 2548 3973 Heinsius
2568 3935 2634 3973 ex

417 4002 643 4056 comitas
673 4009 730 4052 et
758 4004 954 4067 Sanno,
980 4010 1091 4054 tum
1127 4011 1275 4059 etant
1308 4005 1487 4056 Gallo·
1567 4005 1824 4055 Chronico
1842 4001 2287 4055 Altissiodorensi.
2701 4064 2705 4068 Α

416 4092 535 4131 rum
558 4077 767 4141 Reges;
811 4080 895 4128 vel
927 4094 1036 4144 eoa,
1056 4081 1353 4148 priusquam
1374 4084 1487 4134 haec
1631 4085 1726 4148 ²45.
1767 4079 1985 4144 Fratres]
2038 4078 2166 4128 Vel·
2185 4090 2373 4127 revera
2427 4074 2634 4136 fratres,

414 4155 676 4209 scriberet
714 4154 1096 4221 Claudianus,‘
1116 4172 1233 4209 cum
1256 4159 1489 4210 Valenti-
1566 4158 1653 4208 vel
1686 4171 1839 4222 pares
1862 4151 2194 4220 similesque
2180 4167 2238 4203 ιιι
2254 4150 2517 4216 omnibus,
2534 4146 2632 4200 fra-

410 4234 600 4293 ninum
645 4232 823 4287 moltis
877 4235 1072 4296 praeliis
1142 4243 1487 4304 attentasset,
1568 4241 1708 4287 trum
1724 4235 1905 4286 instar.

414 4324 518 4364 uec
560 4309 773 4367 vincere
826 4310 1102 4379 potuisset,
1142 4313 1390 4381 Francos,
1427 4314 1485 4367 id
1628 4317 1730 4367 246
1760 4310 1959 4376 Arctoe]
2010 4308 2243 4376 Populos
2259 4307 2412 4361 Ursae
2436 4302 2633 4373 subseq
