2925 4928
439 387 574 457 606

1126 403 1240 451 01..
1274 399 1707 451 OLAumANt
1757 397 1934 450 XXI.

446 550 611 618 Eois
642 547 1127 633 dede11s,‘quae
1156 565 1322 613 mox
1364 547 1609 614 effecta
1648 543 1957 632 probasti

440 653 750 732 Secum,
782 652 1094 739 quamvis
1121 655 1192 715 et
1220 669 1390 734 opes
1394 699 1415 730 ,
1444 654 1512 714 et
1531 670 1684 714 rura
1712 653 2002 726 teneren,

438 755 879 840 Insignesque
910 757 1190 821 domos't
1280 754 1484 819 Levis
1513 753 1662 818 haec
1699 752 1991 837 jactura,
2022 770 2153 815 nec
2176 761 2486 835 unquam

442 857 735 924 Publica
763 859 1043 943 privatae
1077 862 1421 922 cesserunt
1450 854 1804 921 commoda
1837 873 2088 918 causae.

438 960 710 1026 Dividis
739 961 1034 1043 ingentes
1066 967 1281 1037 curas»,
1315 967 1512 1043 teque
1545 958 1854 1024 omnibus
1882 976 2087 1020 unum

2532 951 2663 1018 300

442 1062 733 1148 objicis,
764 1055 1108 1128 inveniens
1140 1063 1384 1140 animo,
1414 1081 1567 1145 quae
1599 1065 1811 1123 mente
1840 1058 2147 1141 gerenda,

442 1164 761 1232 Efficiens
791 1163 1120 1250 pau-anda
1147 1183 1370 1228 manu.

446 1267 624 1350 Quae
655 1269 926 1353 scriptis
956 1267 1339 1352 peragenda
1364 1265 1613 1329 forent.

1464 1163 1738 1226 Dictare
1768 1166 2066 1244 paratuS,

1705 1262 1881 1342 Quae
1908 1262 2187 1330 brachia
2215 1267 2509 1342 centum,

449 1368 624 1451 Quis
656 1372 975 1436 Briareus
1003 1371 1158 1436 aliis
1188 1388 1464 1434 numero
1501 1372 1839 1433 crescente
1867 1367 2163 1447 lacertis„

370 1533 377 1538 .
451 1471 588 1540 Tot
614 1474 813 1538 simul
841 1473 1129 1558 objectis
1159 1476 1437 1556 possent
1466 1469 1816 1552 confligere
1844 1470 2081 1533 rebus't

2530 1466 2663 1533 306

440 1680 679 1747 partibus
703 1677 960 1732 Orientis?
991 1696 1104 1745 quas
1122 1680 1485 1745 responsiones
1501 1695 1611 1729 mox
1631 1677 1881 1728 ostendisti
1899 1674 2152 1740 perfectas,
2169 1673 2356 1725 etiamsi
2369 1674 2666 1737 possiderent

442 1752 492 1797 et
513 1747 727 1810 divitias,
749 1753 796 1796 et
817 1761 974 1810 agros,
994 1751 1042 1795 et
1063 1748 1221 1795 dmnos
1252 1743 1444 1795 nobiles.
1482 1746 1727 1795 Damnum
1757 1744 1842 1793 hoc
1859 1744 1958 1792 lece
1967 1741 2251 1804 fuit,neque
2272 1741 2465 1789 utilitas
2476 1740 2669 1803 publica

431 1812 705 1876 posthabita
726 1817 798 1862 est
829 1826 1036 1876 unquam
1053 1811 1260 1860 utilitati
1280 1815 1378 1859 tuae
1391 1811 1615 1873 mirata.
1679 1810 1755 1858 'su
1776 1807 1980 1873 partiris
2000 1822 2135 1855 carus
2155 1820 2369 1867 magnas,
2393 1809 2442 1854 et
2463 1806 2662 1870 exponis

442 1882 494 1927 te
511 1892 657 1926 anum
678 1876 834 1927 rebus
857 1876 1085 1937 omnibus,
1102 1876 1379 1937 excogitans
1409 1876 1464 1924 in
1486 1876 1662 1935 animo,
1685 1889 1787 1938 quoe
1807 1872 2038 1933 facienda
2060 1877 2180 1920 sunt
2200 1871 2411 1932 consilio,
2432 1885 2664 1934 exequens

443 1955 551 2005 quoe
571 1943 837 2006 exequenda
870 1946 991 1991 sunt
1012 1942 1184 1991 dextra
1201 1957 1221 2000 ,·
1249 1945 1466 2003 promtus
1501 1940 1567 1990 ad
1588 1940 1880 2000 dictandum,
1898 1953 2002 2001 quoe
2031 1936 2320 2002 perficienda
2353 1943 2476 1984 sunt
2492 1935 2666 1985 literis.

446 2008 570 2062 Quoe
598 2013 787 2057 centum
820 2022 1003 2071 munus,
1022 2021 1048 2056 e
1135 2006 1179 2054 is
1215 2005 1451 2055 Briareus
1483 2011 1624 2055 aucta
1655 2002 2203 2054 multitudine-manuum
2241 2001 2444 2049 aliarum
2458 2002 2667 2050 valerent

444 2085 667 2137 superare
701 2077 774 2122 tot
793 2087 870 2123 res
905 2087 1000 2122 una
1034 2022 1287 2136 effrenes
1308 2069 1448 2144 sese?
1482 2071 1617 2121 sicut
1640 2082 1845 2134 nempe,
1881 2066 2094 2132 effugere
2112 2065 2333 2129 studes,
2367 2065 2670 2115 corroborare

1372 2222 1429 2242 ‘O
1435 2221 1520 2241 ‘O‘
1527 2222 1550 2239 O
1556 2219 1610 2239 Ἰ
1616 2219 1732 2239 ἨΟ

450 2359 555 2397 sec.
581 2345 682 2397 duo
714 2345 898 2398 Ambr.
953 2363 1112 2399 rerum
1144 2350 1229 2399 vel
1265 2348 1442 2400 circum
1485 2348 1624 2414 Reg.
1665 2350 1841 2402 Oxou.
1883 2352 2125 2413 pia-296
2163 2346 2278 2397 Eois
2313 2346 2500 2395 dederit
2544 2344 2666 2396 Put.

447 2413 648 2491 ponon.
673 2412 861 2463 PetaV.
892 2418 1158 2466 sem—297
1193 2414 1369 2467 Secura
1386 2415 1531 2466 Med.
1556 2423 1725 2481 quart.
1757 2432 1906 2479 regna
1926 2419 2138 2464 tenerent
2160 2414 2289 2462 Exc.
2309 2411 2444 2461 Laeti
2469 2426 2539 2462 m.
2564 2425 2665 2461 see.

437 2493 558 2539 Jura
580 2493 680 2528 mc.
717 2479 898 2529 Heius.
953 2481 1090 2542 signa
1106 2483 1233 2534 ,Vat.
1267 2485 1534 2532 πιθα-800
1576 2482 1771 2532 Dividit
1790 2483 1995 2546 Tholos.
2043 2480 2171 2529 curis
2192 2479 2312 2528 Vat.
2350 2483 2474 2528 tert.
2497 2493 2564 2526 m.
2590 2490 2665 2540 pr.

448 2549 590 2607 atque
611 2544 827 2594 omnibus
847 2547 977 2594 Exc.
1019 2546 1151 2595 Laeti
1174 2562 1241 2597 m.
1272 2562 1347 2611 pr.
1381 2547 1538 2596 animo
1563 2546 1746 2598 deerat
1783 2546 1928 2597 Med.
1952 2547 2239 2596 terte—301
2273 2543 2423 2604 digna
2457 2545 2668 2603 gerenda

446 2609 571 2659 vat.
595 2614 720 2660 tert.
744 2625 812 2660 m.
836 2613 1083 2674 pin—302
1119 2612 1167 2659 Ε
1250 2613 1312 2661 'es
1332 2613 1453 2662 Vat.
1477 2627 1557 2674 pr.
1580 2611 1726 2662 Med.
1749 2627 1854 2662 sec.
1889 2611 2082 2677 Efficias
2106 2607 2252 2658 Med.
2281 2614 2401 2657 tert.
2443 2609 2666 2672 Efficeres

449 2673 591 2724 Prie.
632 2689 702 2722 m.
740 2689 846 2724 sec.
875 2675 1118 2739 probanda
1205 2693 1291 2728 ον.
1331 2681 1554 2740 peractus
1591 2677 1780 2727 PetaV.
1817 2679 2083 2727 sem—303
2115 2673 2313 2737 sceptris
2352 2673 2547 2721 Moret.
2590 2686 2666 2736 pr.

450 2754 555 2801 quae
578 2738 769 2788 brachia
790 2740 909 2790 Vat.
948 2740 1113 2789 Livin.
1147 2756 1237 2790 non
1260 2742 1363 2791 duo
1402 2742 1546 2791 Med.
1569 2742 1670 2791 inc.
1696 2743 1875 2792 Heius.
1907 2741 2032 2789 Put.
2055 2739 2157 2788 duo
2200 2739 2382 2788 Petav.
2406 2744 2461 2786 et
2484 2736 2665 2787 Ambr-

450 2803 577 2853 Lov,
614 2804 736 2853 Pat.
776 2804 897 2853 Ald.
936 2806 1065 2855 Exc.
1100 2806 1239 2856 Laeti
1275 2811 1329 2856 et
1367 2807 1589 2857 Lucens.
1628 2811 1873 2870 pia—304
1910 2807 2022 2855 Non
2063 2803 2295 2853 Briareus
2337 2803 2439 2852 inc.
2483 2802 2665 2851 Heius.

449 2866 632 2918 Ambr.
651 2882 757 2918 sec.
776 2870 904 2919 LoV.
929 2877 1036 2920 vet.
1059 2871 1190 2936 Gyr.
1212 2872 1337 2921 Vat.
1375 2871 1542 2923 Livin.
1609 2872 1808 2922 Deerat
1830 2872 1913 2920 hic
1944 2884 2123 2919 versus
2145 2868 2198 2916 in
2224 2867 2367 2916 Med.
2394 2873 2516 2916 tert.
2541 2867 2664 2916 Put.

450 2933 574 2982 Pat.
598 2932 779 2982 Ambr.
822 2940 941 2984 tert.
964 2935 1168 2985 duobus
1207 2937 1395 2986 Petav.
1435 2935 1556 2986 Ald.
1583 2942 1637 2987 et
1676 2938 1807 2987 Exc.
1847 2938 2070 2986 Lucens.
2107 2948 2184 2997 pr.
2223 2935 2313 2981 ulis
2352 2933 2478 2980 Vat.
2502 2932 2664 2997 quint.

450 2996 639 3045 humero
662 3012 756 3073 pro
777 3013 968 3048 numero
998 3000 1312 3064 conjiciebat
1334 3001 1685 3051 Heins.—305
1721 3002 1903 3063 injectis
1923 3001 2047 3050 Vat.
2093 3006 2263 3063 quart.
2291 2998 2443 3060 possit
2465 2998 2663 3045 Mazar.

445 3065 636 3123 possent
661 3061 806 3111 Leid.
831 3078 911 3126 pr.
934 3064 1052 3113 Vat.
1077 3079 1183 3114 sec.
1208 3073 1314 3114 tres
1338 3066 1483 3116 Med.
1508 3067 1611 3116 inc.
1630 3068 1811 3116 Heius.
1837 3067 1962 3114 Put.
1979 3066 2101 3113 Pat.
2118 3063 2326 3112 TholoS.
2349 3062 2539 3111 PetaV.
2564 3075 2667 3112 sec.

450 3125 553 3176 duo
576 3124 758 3177 Ambr.
783 3128 910 3178 Lov.
933 3129 1052 3180 Vat.
1091 3128 1257 3180 Livia.
1294 3133 1417 3180 Var.
1461 3132 1564 3181 LL.
1604 3146 1631 3181 e
1657 3147 1818 3196 marg.
1860 3132 2040 3180 Parm.
2069 3131 2225 3192 posset
2260 3133 2482 3192 quatuor
2519 3127 2666 3177 Vatt.

1447 3303 1661 3354 NOTAE

512 3454 612 3500 298
643 3448 947 3515 Insignesque
960 3450 1139 3515 domos]
1162 3452 1360 3502 Domos
1380 3450 1521 3502 illus·

447 3527 624 3589 trium,
641 3541 764 3591 quas
778 3526 994 3578 Arcadii
1006 3528 1345 3593 Imperatoris
1363 3529 1522 3579 admi·

451 3603 603 3654 nistri
623 3604 962 3668 possidebant
988 3621 1002 3667 ;
1038 3607 1120 3655 vel
1146 3607 1318 3670 potius
1341 3607 1520 3657 domos

447 3679 749 3744 magnificas
781 3697 1031 3748 agrosque
1049 3683 1367 3747 Stilichonis,
1393 3698 1520 3747 quas

449 3757 551 3820 ipsi
569 3758 936 3821 restituissent,
957 3760 1124 3825 siquid
1161 3760 1227 3810 de
1247 3758 1417 3810 officio
1439 3774 1518 3809 re-

451 3835 692 3885 misisset.
760 3837 862 3885 Sed
906 3837 1105 3887 ntilitas
1146 3839 1358 3902 publica
1380 3838 1520 3888 utili·

451 3912 554 3962 tati
590 3914 810 3978 privatas
869 3914 936 3963 ab
994 3929 1057 3964 eo
1120 3915 1521 3980 praeferebatur,

454 4003 571 4059 cum
635 3991 819 4039 mallet
869 3991 1109 4041 amittere
1174 3993 1323 4042 villas
1379 4006 1518 4055 suas,

453 4079 605 4131 quam
630 4068 866 4130 rempub.
901 4069 1140 4132 prodere.

519 4145 614 4191 301
648 4142 845 4206 Animo]
909 4143 1118 4210 Anima,
1179 4146 1393 4211 animus,
1462 4152 1521 4197 et

453 4234 600 4270 mens
623 4219 1042 4285 distinguuntur:
1080 4226 1250 4274 anima
1271 4224 1335 4273 ad
1363 4225 1521 4274 vitam

455 4299 705 4363 pertinet,
747 4300 944 4350 animus
1001 4299 1067 4350 ad
1117 4301 1521 4367 excogitandum

1602 3452 1843 3513 celerius,
1865 3465 2011 3502 mens
2036 3450 2102 3500 ad
2130 3448 2475 3516 judicandum
2499 3448 2666 3500 acrius

1602 3534 1658 3580 et
1696 3528 2091 3593 providendum.
2158 3527 2297 3576 Hinc
2341 3531 2570 3590 veteres,
2610 3533 2667 3575 ut

1600 3613 1765 3677 totam
1804 3608 1909 3657 vim
1953 3606 2172 3656 hominis
2193 3604 2456 3655 interioris
2504 3604 2666 3669 expli-

1600 3692 1800 3746 carent,
1823 3690 2022 3734 mentem
2043 3682 2191 3733 animi
2214 3681 2482 3731 dixerunt.

1667 3766 1763 3811 302
1798 3761 1999 3810 Dictare
2018 3757 2241 3823 paratus]
2273 3759 2413 3807 Talis
2437 3763 2553 3808 erat
2573 3758 2668 3810 Ju-

1599 3838 1699 3888 lius
1717 3839 1910 3900 Caesar,
1931 3837 2020 3902 qui
2055 3837 2139 3886 vel
2162 3835 2393 3899 pluribus
2409 3834 2565 3884 simul
2585 3849 2667 3885 res

1600 3915 1769 3964 varias
1793 3913 2049 3962 dictabat.

1666 3996 1762 4041 304
1795 3991 2052 4056 Briareus]
2120 3988 2286 4053 Gigas
2325 3989 2665 4039 centimanus.

1598 4072 1686 4120 De
1709 4085 1811 4134 quo
1830 4069 1972 4117 alibi.

1666 4150 1759 4194 305
1799 4142 2089 4208 Confligere]
2123 4144 2224 4192 Res
2269 4132 2449 4192 omnes
2492 4141 2666 4192 labore

1598 4221 1834 4286 improbo
1857 4234 2123 4284 superare,
2144 4226 2198 4271 et
2220 4219 2367 4272 velut
2384 4218 2667 4273 certamine

1602 4298 1826 4367 quodam
1858 4298 2084 4351 vincere.
