2925 4928
956 426 1035 476 IN
1085 427 1435 477 Romnum
1491 426 1638 477 Lm.
1686 426 1766 476 11.

2337 408 2475 475 155

258 569 561 657 Asperat
592 574 866 640 alternis
897 575 1206 653 sudibus,
1251 576 1552 660 murique
1583 578 1817 641 locata

260 675 336 740 In
368 679 674 763 speciem
699 679 905 742 caesis
938 676 1247 747 obtendit
1266 681 1578 763 plaustra
1589 682 1923 764 juvencis,

258 775 350 842 At
369 780 613 862 procul
637 782 1007 863 exsanguis
1038 780 1358 845 Rufinum
1391 783 1682 866 perculit
1709 784 1985 848 horror:

260 881 549 947 Infectae
574 883 830 967 pallore
856 900 1085 966 genae-t·
1133 886 1328 949 stetit
1356 905 1471 949 ore
1504 887 1726 967 gelato

266 983 564 1050 Incertus
587 994 928 1070 peteretne
951 987 1203 1069 fugam,
1238 991 1590 1054 veniamne
1616 991 1944 1054 subactus

258 1085 612 1165 Posceret‚
645 1108 732 1152 au
756 1089 932 1154 fidos
965 1109 1117 1155 sese
1145 1091 1528 1155 transferret
1558 1092 1624 1155 in
1650 1093 1896 1156 hostes,

261 1187 444 1268 Quid
469 1211 650 1256 nunc
676 1192 952 1270 divitiae,
1000 1193 1164 1275 quid
1194 1192 1359 1257 fulvi
1380 1199 1581 1259 vasta
1599 1195 1856 1259 metalli

261 1290 647 1376 CongerieS‚
681 1294 844 1379 quid
868 1297 1224 1380 purpureis
1248 1296 1477 1362 effulta
1513 1298 1841 1362 columnis

256 1491 353 1543 clla
373 1494 634 1543 constituto
654 1494 706 1543 in
732 1495 943 1556 formam
965 1497 1103 1548 mm.
1172 1497 1269 1546 Sed

2330 1286 2466 1399 122⁵.

1295 1498 1431 1560 longe
1449 1503 1607 1547 terror
1621 1498 1802 1561 pallens
1818 1497 2048 1560 percussit
2072 1497 2295 1564 Rufinum
2310 1514 2327 1548 .-
2357 1497 2460 1550 vui-

257 1561 330 1605 tus
360 1557 661 1617 deformatur
692 1561 897 1623 pallore.-
922 1561 1057 1621 facie
1078 1562 1291 1624 glaciata
1330 1563 1567 1624 constitit,
1599 1562 1836 1625 dubitans,
1872 1578 1935 1611 an
1966 1568 2223 1625 capesseret
2242 1560 2458 1626 fingam?

254 1623 333 1670 An
353 1622 512 1672 victus
528 1630 713 1687 peteret
730 1641 910 1689 pacem,
929 1643 992 1675 on
1013 1629 1245 1677 transiret
1268 1630 1335 1677 od
1351 1628 1506 1677 hostes
1525 1628 1620 1677 sibi
1642 1627 1842 1676 sociatos
1854 1624 1881 1676 12
1948 1627 2080 1683 Quid
2101 1632 2201 1676 tum
2222 1644 2330 1691 opes
2350 1643 2458 1690 pro-

252 1691 358 1735 sunt
385 1687 612 1738 Rufino?

683 1690 812 1746 Quid
834 1694 1038 1741 cumulus
1058 1692 1423 1756 immensu-'flat

1424 1694 1547 1747 entis
1561 1690 1781 1743 metalli?
1814 1692 1943 1747 Quid
1962 1694 2123 1741 domus
2142 1694 2266 1742 elota
2287 1694 2460 1741 colum·

253 1750 521 1833 nicrum-is,
536 1760 585 1804 et
604 1756 810 1821 <edificia
830 1756 1012 1807 sublato
1032 1760 1095 1807 od
1115 1759 1278 1807 coelnm
1296 1758 1546 1823 prosunt?
1613 1757 1776 1806 Discit
1790 1758 1918 1808 viam
1932 1758 2192 1807 exercitus
2214 1757 2468 1808 Stilicho--

1178 1886 1355 1906 000000

1358 1885 1533 1905 000000

250 1960 439 2015 Petav.
463 1972 547 2029 pr.
569 1966 717 2020 Leid.
737 1983 842 2019 sec.
877 1969 1107 2033 duplicem
1127 1969 1312 2029 fossam
1333 1969 1456 2017 Vat.
1482 1983 1562 2032 pr.
1585 1974 1642 2018 et
1666 1966 1833 2016 Lirin.
1866 1967 2041 2031 duplici
2044 1966 2180 2026 fossa
2202 1972 2307 2015 tres
2328 1967 2453 2017 Vat.

251 2027 364 2077 Pal.
419 2031 575 2080 Fam.
624 2032 766 2082 Prie.
807 2036 949 2084 Rott.
984 2036 1146 2085 Oisel.
1187 2036 1316 2083 Exc.
1357 2033 1509 2083 Laeti.
1565 2033 1733 2082 bellum
1764 2047 1860 2095 pro
1916 2034 2087 2081 vallum
2117 2032 2241 2082 Vnt.
2281 2046 2457 2081 sec.—

252 2096 343 2141 128
374 2095 530 2146 locato
573 2098 703 2162 ch.
745 2100 941 2149 Thuau.
979 2101 1108 2148 Exc.
1154 2098 1372 2149 Gevart.
1416 2105 1472 2148 et
1519 2099 1737 2163 Lucens.
1781 2111 1885 2146 sec.
1922 2112 2082 2159 marg.
2116 2095 2457 2160 magr-‚Ant

249 2158 398 2208 locato
423 2162 508 2209 vel
565 2163 768 2212 locatum
791 2165 909 2214 Vat.
949 2180 1027 2228 pr.
1068 2166 1256 2214 Petav.
1298 2178 1378 2226 pr.
1429 2165 1632 2212 locatum
1662 2162 1855 2211 habeut
1892 2162 2076 2226 reliqui
2100 2176 2293 2222 omnes,
2329 2161 2454 2210 item

250 2222 377 2274 Exc.
414 2226 551 2276 Laeti
589 2236 644 2276 et
674 2228 893 2278 Lucens.
936 2244 1017 2293 pr.
1049 2229 1131 2279 ed.
1158 2230 1334 2278 Parni.
1357 2234 1411 2278 et
1436 2227 1609 2277 Vicet.
1636 2227 1881 2277 Heinsius
1901 2226 2456 2290 conjicit-battoma.—

248 2291 341 2336 129
364 2289 425 2339 In
446 2292 648 2354 speciem
670 2294 817 2343 Med.
838 2302 961 2343 tert.
987 2311 1015 2344 a
1035 2310 1101 2344 m.
1121 2310 1224 2344 sec.
1288 2293 1512 2358 Inspecie
1535 2292 1759 2342 sedecim
1782 2293 1892 2342 alii.
1925 2292 2132 2341 ostendit
2154 2291 2274 2340 Pat.
2294 2290 2460 2341 Oisel.

248 2353 396 2415 12eid.
437 2371 545 2406 sec.
592 2358 719 2407 Exc.
759 2358 976 2409 Gevart.
1002 2358 1242 2413 obtundit
1268 2358 1394 2407 Lov,
1442 2360 1652 2407 claustra
1685 2358 1870 2407 incert.
1896 2357 2079 2407 Heius.
2103 2356 2277 2405 Vicet.
2301 2355 2455 2406 Vien.

245 2419 451 2486 claustra
477 2422 560 2472 vel
587 2423 801 2486 plaustra
841 2426 969 2475 Exc.
1011 2424 1327 2474 Laeti.—-130
1361 2438 1493 2473 error
1532 2425 1675 2475 Rott.
1714 2422 1835 2473 Pat.
1876 2425 2002 2473 Lov,
2039 2436 2069 2472 a
2105 2437 2166 2471 m.
2208 2436 2283 2485 pr.
2321 2421 2455 2476 Exc-

248 2481 463 2536 Gevart.
503 2488 631 2537 Exc.
672 2490 983 2540 Voss—181
1023 2489 1219 2550 Infestoe
1255 2491 1386 2552 Reg.
1420 2488 1569 2538 Leid.
1609 2504 1687 2552 pr.
1730 2487 1912 2549 Infecta
1935 2489 2019 2537 ed.
2045 2488 2220 2536 Parm.
2256 2485 2456 2546 Infectoe

247 2548 327 2598 vel
361 2550 552 2611 Irffecto
574 2554 706 2602 Exc.
728 2555 881 2604 Laeti.
933 2556 1109 2618 pallore
1142 2555 1246 2605 duo
1271 2554 1389 2604 Vat.
1414 2555 1545 2603 Exc.
1571 2555 1783 2603 Lucens.
1808 2567 1912 2603 sec.
1956 2553 2136 2616 pallore
2159 2553 2240 2601 vel
2275 2556 2456 2601 terrore

247 2613 371 2664 Put.
422 2621 608 2665 terrore
646 2619 825 2684 reliqui
863 2621 966 2668 scri
1010 2620 1047 2667 ti
1088 2621 1302 2683 triginta
1339 2618 1471 2679 fere,
1495 2620 1624 2669 Exc.
1647 2618 1798 2681 Laeti,
1820 2620 2040 2667 Lucens.
2060 2632 2139 2681 pr.
2162 2624 2217 2664 et
2235 2616 2460 2667 Gevart.

245 2678 430 2729 Sched.
459 2681 602 2732 Gud.
639 2684 767 2735 Var.
789 2685 895 2734 LL.
926 2636 1006 2734 eti).
1028 2685 1190 2735 Antv.
1231 2691 1287 2734 et
1322 2684 1406 2734 ed.
1440 2684 1615 2734 Vicet.
1648 2699 1727 2732 ore
1744 2686 1902 2745 geloto
1921 2683 2150 2731 Floreut.
2176 2680 2322 2729 Med.
2347 2694 2454 2734 sec.

242 2749 336 2810 stat
371 2749 512 2795 corde
551 2749 711 2809 gelato
732 2750 1108 2801 Tholas—132
1141 2750 1383 2799 veniamne
1423 2748 1526 2798 duo
1561 2748 1706 2797 Med.
1747 2748 1849 2797 duo
1883 2747 2062 2797 Ambr.
2101 2747 2230 2809 Reg.
2253 2745 2454 2796 Thuan.

224 2809 443 2874 ffMazar.
476 2812 621 2862 Leid.
648 2828 725 2876 pr.
750 2814 852 2863 duo
873 2815 1057 2864 Petav.
1082 2816 1207 2864 Lov.
1233 2822 1288 2863 et
1311 2815 1441 2864 Exc.
1476 2813 1696 2864 Gevart.
1730 2814 2002 2876 veniamque
2021 2812 2144 2861 Vat.
2173 2826 2252 2875 pr.
2278 2809 2453 2863 Oxou.

245 2888 320 2937 pr.
341 2876 587 2927 veniamve
610 2879 732 2929 Vat.
756 2895 861 2929 sec.
886 2881 1002 2929 Pal.
1027 2882 1183 2929 Far-n.
1202 2879 1344 2929 Prie.
1372 2879 1498 2928 Put.
1518 2878 1689 2928 Oxou.
1713 2892 1820 2929 sec.
1842 2879 2061 2927 subactus
2077 2878 2205 2926 Exc.
2228 2876 2453 2926 Lucens-

246 2940 580 3004 sec.sugatus
604 2942 686 2992 ed.
708 2945 1045 2996 Vicet.-183
1079 2961 1142 2994 on
1167 2944 1314 2994 Leid.
1348 2959 1453 2992 sec.
1487 2949 1571 2992 aut
1598 2943 1831 2993 Florent.
1864 2959 1926 2992 an
1949 2944 2031 2991 vel
2063 2947 2145 2991 aut
2175 2941 2294 2991 Put.
2328 2945 2452 2990 atto·

243 3005 365 3068 nitos
385 3022 488 3056 sese
506 3023 572 3057 an
593 3007 779 3060 Petav.
801 3025 881 3073 pr.
908 3010 1040 3075 fidos
1061 3010 1210 3060 Leid.
1229 3024 1333 3059 sec.
1356 3009 1479 3058 Pat.
1501 3010 1631 3058 Exc.
1654 3008 1869 3058 Gevart.
1890 3008 2023 3074 fidos
2044 3007 2123 3055 vel
2158 3011 2314 3072 tantos
2329 3006 2453 3055 Vat.

244 3084 320 3132 pr.
345 3086 377 3120 a
399 3079 764 3123 m-sec.—134
800 3076 930 3130 Quid
946 3077 1068 3125 dont
1085 3076 1167 3124 vel
1196 3090 1321 3124 nunc
1347 3074 1539 3123 Moret.
1562 3078 1830 3124 sem—135
1860 3073 2126 3137 porphireis
2146 3073 2273 3121 Exc.
2301 3071 2451 3121 Laeti.

240 3135 464 3197 proefulta
482 3138 626 3187 Prie.
679 3139 873 3204 effulcta
906 3139 1027 3191 Ald.
1081 3140 1305 3188 columnis
1336 3140 1458 3190 Vnt.
1484 3153 1562 3202 pr.
1587 3139 1707 3187 Pat.
1731 3138 1910 3188 Ambr.
1931 3153 2037 3187 sec.
2065 3139 2191 3187 Exc.
2225 3135 2358 3185 Laeti
2395 3141 2452 3184 et

243 3200 463 3252 Luceus.
506 3218 617 3253 sec.
638 3205 861 3255 columnis
883 3206 965 3254 vel
1000 3206 1201 3255 metallis
1222 3206 1343 3255 Put.
1377 3205 1583 3254 metallis
1606 3203 1824 3270 triginta
1845 3203 1954 3267 alii,
1976 3204 2105 3253 Exc.
2127 3203 2344 3252 Lucens.
2367 3213 2448 3265 pr.

1238 3353 1458 3405 No'rAE

1453 3480 1550 3527 133
1586 3476 1736 3527 Fidos
1769 3491 1869 3526 sese
1899 3474 2183 3535 tran-fferret
2207 3476 2257 3524 in
2271 3474 2450 3539 hostes]

1387 3552 1473 3602 An
1498 3554 1743 3603 transiret
1773 3553 1825 3602 in
1847 3553 2039 3614 hostes,
2068 3566 2196 3615 quos
2218 3566 2311 3600 sua
2334 3565 2450 3615 per-

245 3472 433 3525 fectum
481 3490 604 3525 esse
643 3478 872 3528 nonnulli
902 3478 1164 3529 memoriae
1187 3491 1308 3542 pro·

246 3551 506 3602 diderunt.

308 3633 400 3680 129
436 3629 593 3679 Coesis
609 3628 850 3695 juvencis]
915 3632 1149 3683 Pellibus
1195 3637 1307 3682 tau-

247 3719 411 3757 rorum
429 3721 742 3758 occisorum.

268 3817 281 3822 -
304 3788 398 3834 13⁰
430 3784 721 3846 Εεοωιςιιίι
737 3784 927 3848 horror]
973 3784 1167 3835 Terror
1189 3784 1304 3834 red-

245 3857 366 3909 dens
382 3858 629 3909 Rufinum
643 3860 890 3923 pallidum
901 3869 955 3911 et
971 3876 1305 3926 exsanguem.

245 3933 472 3986 Effectus
507 3936 723 3999 ponitur
754 3952 850 4002 pro
870 3952 1040 4002 causa,
1073 3939 1149 3988 sic
1178 3939 1307 3990 dici-

247 4017 327 4060 tur
353 4012 369 4039 ‘
394 4013 594 4076 pallida
608 4013 788 4076 mors,'
806 4030 920 4079 quoe
942 4015 1173 4065 homines
1195 4015 1308 4066 red-

246 4087 323 4137 dit
342 4088 580 4152 pallidos.

311 4168 401 4216 181
461 4167 562 4216 Ore
596 4166 784 4230 gelato]
850 4168 960 4217 Ore
994 4169 1215 4233 pallenti
1252 4177 1310 4219 et

247 4239 431 4306 frigido
454 4256 698 4306 corpore,
728 4243 798 4294 ob
835 4246 1088 4296 scelerum
1112 4247 1309 4299 consci-

248 4318 456 4385 enum,
488 4324 785 4388 metumque
805 4319 1116 4374 Stilichonis.

1386 3628 1512 3678 fidia
1544 3630 1766 3693 patriam
1804 3629 2030 3691 prodens
2068 3627 2167 3676 sibi
2197 3624 2330 3676 fidos
2371 3623 2451 3675 ef-

1385 3704 1577 3756 fecisse
1600 3705 1837 3768 putabat.

1452 3787 1548 3832 134
1582 3782 1725 3833 Fulvi
1744 3781 1948 3845 metalli]
2014 3780 2146 3831 Auri
2174 3785 2452 3846 congestus

1385 3875 1622 3910 acervus.

1451 3941 1546 3986 135
1585 3936 1843 4000 Pnrpnreis
1871 3935 2120 3998 columnis]
2180 3935 2462 3986 Columnis¹

1386 4028 1416 4062 e
1440 4027 1693 4062 marmore
1726 4013 1912 4062 coloris
1951 4012 2178 4076 punicei,
2208 4027 2298 4061 seu
2335 4011 2452 4076 rufi,

1388 4091 1551 4140 rubri.
1616 4091 1768 4144 Quod
1792 4091 2181 4155 intelligendum
2205 4091 2272 4140 de
2288 4105 2454 4155 opere

1391 4169 1685 4232 Byzantino
1762 4175 2039 4219 structure
2115 4168 2451 4233 admirabilis,

1387 4246 1526 4312 quod
1544 4252 1867 4298 exstructum
1889 4251 1974 4297 est
1994 4260 2026 4295 a
2041 4243 2255 4297 Rufino.
