2925 4928
950 430 1029 479 ιιι
1081 430 1432 483 nmmum
1487 431 1632 481 ms.
1683 386 1747 482 1..
2361 415 2451 481 93

235 719 462 810 SAEPE
492 743 660 809 mihi
689 745 966 810 dubiam
1000 745 1213 810 traxit
1241 746 1578 811 sententia
1604 755 1922 827 mentem,

238 847 569 913 Curat-ent
600 848 844 933 Superi
875 855 1111 926 terraS‚
1145 868 1235 913 an
1262 850 1483 913 nullus
1513 851 1771 916 inesset

234 949 515 1029 Rectm,
544 955 611 1015 et
638 952 894 1015 incerto
925 949 1204 1016 fluerent
1230 951 1547 1015 mortalia
1578 972 1763 1019 casu.

235 1052 417 1117 Nam
449 1073 607 1119 cum
637 1054 952 1136 dispositi
982 1055 1375 1139 quaesissem
1403 1055 1666 1120 foedera
1695 1058 1950 1137 mundi,
2052 1042 2062 1047 ⁶
2097 1118 2105 1129 .

233 1157 832 1242 Praescriptosque
859 1158 1028 1220 mari
1056 1156 1253 1234 fineS‚
1287 1157 1615 1241 annisque
1643 1165 1932 1238 meatuS,
2403 1162 2447 1225 5

233 1257 321 1323 Et
350 1260 530 1324 lucis
558 1260 918 1344 noctisque
950 1260 1172 1325 vices:
1221 1265 1380 1324 tunc
1412 1262 1639 1324 omnia
1667 1261 1862 1326 rebar

232 1361 543 1427 Consiiio
572 1362 840 1428 firmata
866 1363 1025 1442 Dei,
1057 1364 1172 1447 qui
1199 1363 1347 1445 lege
1374 1364 1630 1429 moveri

297 1545 594 1608 Frequenter·
609 1544 846 1596 dubitatio
870 1547 1022 1596 tenuit
1044 1546 1257 1596 animum
1278 1561 1427 1595 meum
1449 1545 1718 1610 ancipitem,
1740 1562 1803 1597 an
1836 1548 1929 1597 Dii
1956 1553 2174 1610 regerent
2205 1549 2445 1611 mundum,

230 1624 296 1658 aa
311 1611 467 1659 nauus
485 1610 776 1672 gubernator
786 1612 942 1674 foret,
964 1616 1012 1660 et
1030 1627 1106 1660 res
1125 1612 1345 1661 hnmana·
1365 1616 1662 1661 mouerentur
1671 1613 1877 1674 fortuna
1894 1612 2058 1664 dubia.
2126 1614 2321 1663 Etenim
2338 1628 2447 1662 cum

223 1675 577 1752 perpendissent
595 1677 808 1726 ordinem
831 1679 995 1725 mundi
1016 1677 1283 1739 constituti,
1303 1683 1352 1726 et
1373 1677 1600 1726 terminos
1628 1677 1752 1727 mari
1783 1679 2024 1756 praefixos,
2042 1682 2092 1728 et
2110 1693 2274 1728 cursus
2294 1679 2444 1728 datos

228 1738 385 1802 cunis,
402 1745 451 1789 et
471 1740 823 1791 vicissitudines
841 1742 938 1791 diei
958 1748 1099 1806 atque
1119 1743 1288 1802 noctis,
1308 1746 1410 1790 tum
1429 1742 1698 1803 cogitabam
1717 1745 1875 1792 omnia
1907 1758 2024 1793 esse
2044 1745 2300 1792 constituta
2332 1758 2445 1806 pro·

230 1804 442 1854 videntia
463 1804 649 1870 divina,
670 1822 777 1870 quae
799 1808 1000 1857 voluerit
1018 1812 1149 1857 astra
1174 1778 1298 1856 volv’i
1319 1813 1467 1856 certo
1488 1822 1665 1866 cursim·
1710 1824 1815 1872 quae
1836 1809 2059 1860 voluerit
2079 1823 2249 1858 messes
2277 1822 2445 1872 prove-

1162 1945 1310 1966 OOOOO
1311 1946 1521 1965 HOMO,

233 2045 348 2096 Lib.
366 2058 540 2096 xxm.
560 2045 726 2095 initio.
772 2046 892 2096 ΝΒ.
927 2046 992 2096 In
1016 2047 1295 2111 Excerptis
1317 2047 1651 2099 vetustissimi
1674 2046 1817 2098 Libri
1843 2046 2089 2098 Lucensis
2108 2046 2255 2097 haec
2240 2063 2290 2097 ιιι
2311 2063 2444 2098 mar-

236 2113 348 2176 gine
372 2118 559 2161 notata
577 2119 716 2161 sunt.
753 2110 853 2160 Hic
884 2112 999 2175 coepi
1029 2112 1240 2171 conferre
1260 2130 1364 2162 cum
1397 2113 1715 2163 vetustissimo
1741 2113 1911 2163 Codice
1931 2113 2074 2162 amici
2093 2115 2331 2176 ciffusdam
2350 2111 2448 2164 Lu-

234 2177 397 2226 censis.
417 2176 629 2238 geminis
655 2176 913 2240 punctis..
967 2182 1131 2227 notata
1153 2184 1284 2240 sunt,
1305 2194 1408 2242 quoe
1430 2178 1565 2227 illinc
1586 2177 1852 2228 emendabo.
1917 2176 2152 2244 Apparet
2172 2193 2296 2242 ergo
2317 2178 2445 2228 duo-

233 2241 321 2292 bus
336 2241 624 2291 Codicibus
641 2256 806 2303 usum,
826 2255 941 2290 cum
952 2242 1063 2306 jam
1083 2249 1204 2293 ante
1223 2214 1453 2293 di’versas
1477 2243 1728 2293 lectiones
1751 2243 2036 2293 adnotavit.
2084 2243 2328 2293 Ceterum
2350 2257 2444 2294 nos

235 2321 455 2371 quoque,
477 2306 567 2356 ubi
588 2305 694 2355 duo
719 2312 916 2370 puncta
938 2308 1244 2366 invenimus,
1279 2324 1340 2358 ea
1364 2308 1727 2372 expressimus.
1795 2307 1944 2357 Idem
1978 2314 2174 2371 monet,
2209 2307 2298 2357 ubi
2338 2309 2444 2359 tale

234 2370 2049 2503 :mm.³35::3{2¹31153.²}:,2..20²⁶33.'ffsss‘sssffsbgarfflzfff
2070 2372 2444 2488 ἰὲἓῖῗ”’““““

293 2508 320 2552 l
340 2503 484 2566 Soepe
504 2502 644 2565 mihi,
665 2501 769 2566 δῖα]
792 2502 861 2551 de
923 2503 1219 2555 revidentia
1238 2505 1317 2553 his
1340 2505 1522 2553 similia
1536 2505 1871 2567 disputantur
1892 2504 2031 2567 apud
2054 2504 2253 2556 Minue
2279 2503 2443 2554 Fene.

235 2567 419 2618 Octav.
440 2582 565 2631 pag.
590 2573 640 2617 5.
659 2567 722 2616 ed
691 2518 918 2617 &12⁶1AE
939 2568 1041 2617 vid.
1067 2569 1175 2619 illic
1207 2569 1539 2632 interpretes.
1561 2572 1743 2618 Senee.
1765 2568 1984 2632 Hippoi.
2003 2572 2175 2617 960et
2197 2583 2343 2633 seqq.
2375 2568 2445 2618 de

232 2648 415 2698 us,qu1
434 2635 582 2683 Deos
615 2647 717 2681 non
753 2647 870 2682 esse
900 2633 1237 2687 crediderunt
1268 2635 1405 2698 apud
1431 2641 1657 2695 veteres,
1686 2634 1804 2682 vide
1827 2634 2017 2688 Minut.
2037 2633 2197 2682 Felic.
2217 2634 2253 2681 l.
2270 2647 2318 2682 c.
2354 2634 2443 2682 Ei·

232 2700 513 2748 menhorst.
538 2698 591 2746 in
615 2695 816 2746 Arnob.
851 2712 968 2761 pag.
993 2703 1074 2748 29.
1109 2703 1190 2748 80.
1228 2700 1440 2748 Lucian.
1480 2714 1534 2762 p.
1565 2703 1680 2748 672.
1703 2702 1822 2748 673.
1849 2702 1962 2748 681.
1982 2701 2096 2747 687.
2121 2702 2236 2747 728.
2260 2702 2445 2747 ⁷29.—

235 2767 263 2812 3
293 2778 354 2811 aa
375 2768 505 2811 certo
550 2763 734 2825 Cujac.
760 2763 828 2812 ad
850 2764 1039 2828 Isingr.
1078 2764 1344 2813 certissima
1374 2779 1468 2827 pro
1500 2764 1720 2813 mortalia
1736 2759 1865 2812 Exe.
1898 2764 2029 2813 Voss
2035 2766 2148 2811 .—4
2178 2762 2293 2811 Jum
2317 2763 2440 2813 Vat.

235 2828 394 2892 quint.
416 2828 575 2876 secula
596 2828 744 2877 Med.
767 2842 871 2879 sec.
894 2842 1014 2878 am.
1038 2843 1117 2892 pr.
1121 2834 1216 2877 ——5
1252 2829 1637 2892 Perscriptosque
1677 2827 1759 2877 ed.
1778 2829 1950 2877 Vicet.
1985 2833 2039 2876 et
2078 2829 2203 2876 Var.
2227 2828 2373 2878 Lect-
2411 2843 2443 2878 e

235 2908 395 2957 marg.
411 2893 591 2943 Parim
612 2893 734 2942 mari
757 2893 928 2943 Oxou.
966 2908 1045 2957 pr.
1072 2895 1202 2958 Reg.
1232 2892 1652 2944 Thuan.'rh010s.
1675 2893 1792 2943 Pal.
1829 2895 1984 2942 Fax-n.
2007 2892 2191 2942 Ambr.
2228 2907 2307 2955 pr.
2332 2898 2442 2941 tres

236 2956 354 3008 Vat.
375 2958 480 3007 duo
507 2957 691 3007 Heius.
719 2957 863 3008 Med.
899 2973 977 3021 pr.
1018 2958 1166 3007 Leid.
1193 2972 1271 3022 pr.
1294 2965 1350 3007 et
1375 2958 1497 3008 Ald.
1542 2958 1831 3008 nmisVat.
1858 2973 1940 3022 pr.
1964 2959 2116 3007 Farn.
2161 2971 2193 3006 a
2231 2972 2298 3006 ιιι.
2336 2972 2442 3007 sec.

239 3022 397 3072 Oisel.
422 3022 573 3072 Rott.
599 3037 717 3072 am.
738 3037 839 3074 sec.
864 3023 962 3072 Ed.
985 3023 1158 3073 Vicet.
1181 3030 1238 3073 et
1263 3023 1435 3074 Parm.
1468 3023 1593 3074 mari
1615 3024 1699 3073 vel
1721 3021 2063 3072 mat-isAmbr.
2084 3036 2191 3073 sec.
2219 3022 2445 3085 annisque

236 3088 432 3136 Thuan.
457 3100 574 3137 am.
594 3102 672 3150 p.r
720 3088 1068 3151 nummis-at
1088 3089 1254 3152 quint.
1307 3103 1508 3152 amque
1533 3098 1639 3138 tres
1660 3089 1783 3137 Vat.
1808 3088 1923 3137 Pal.
1947 3089 2103 3138 Farn.
2126 3088 2267 3138 Prie.
2294 3088 2445 3137 Rott.

240 3151 396 3203 Oisei.
448 3153 689 3215 amnisque
711 3152 855 3203 Med.
874 3158 994 3202 tert.
1020 3159 1073 3201 et
1091 3158 1194 3203 vet.
1217 3153 1348 3217 Gyr.
1398 3153 1635 3217 aniniique
1664 3151 1807 3203 Med.
1829 3168 1931 3205 sec.
1955 3168 2072 3202 am.
2096 3168 2176 3216 pr.
2200 3152 2445 3202 Heinsius

237 3217 557 3281 ascripserat
576 3217 744 3266 locum
765 3232 832 3267 ex
868 3230 946 3265 ιν.
981 3218 1137 3267 Cous.
1163 3218 1364 3269 Honor.
1415 3219 1539 3267 ‘Ne
1573 3223 1693 3281 pete
1726 3218 2057 3281 praescriptos
2077 3216 2270 3267 homini
2304 3224 2445 3266 tran-

240 3284 486 3334 scendere
506 3280 657 3332 fines.
660 3281 776 3331 ’-6
807 3282 901 3331 luci
922 3282 1134 3346 noctique
1150 3283 1284 3347 conj.
1307 3281 1474 3334 Heius
1478 3287 1591 3333 .-7
1630 3284 1859 3332 Conscilio
1883 3282 2036 3333 Farn.
2062 3283 2305 3332 Heinsius
2324 3296 2444 3332 con-

1241 3430 1453 3483 NOTAE

299 3559 326 3603 l
363 3553 609 3617 Dubiam]
649 3541 868 3619 Pagani‚
886 3554 1045 3604 bonos
1067 3568 1184 3604 cum
1221 3552 1297 3603 af·
1377 3568 1482 3618 quo
1528 3558 1700 3616 partes
1732 3567 1909 3603 onmes
1949 3549 2087 3600 inter
2126 3563 2259 3613 sese,
2301 3550 2446 3601 velut

240 3629 342 3695 fligi
363 3631 639 3694 videbant,
662 3632 728 3682 de
750 3632 864 3681 Deo
885 3631 1161 3696 divinaque
1185 3645 1298 3694 pro-
1377 3630 1599 3695 quodam
1619 3629 1835 3689 findere,
1853 3628 2167 3677 vinciuntur.

238 3705 463 3756 videntia
478 3706 638 3770 impie
662 3707 987 3759 dubitabant.
1024 3709 1292 3756 Lucanus:
1440 3712 1473 3756 6
1515 3707 1671 3769 Vices]
1736 3697 2177 3765 vicissitudinem,
2214 3716 2314 3766 qua
2351 3702 2444 3751 lux

240 3782 255 3809 ‘
276 3783 404 3833 Cum
427 3798 573 3833 caeco
609 3784 880 3848 rapiantur
919 3783 1120 3848 singula
1157 3797 1295 3846 casu,
1377 3789 1432 3833 et
1456 3799 1561 3832 nox
1591 3783 1687 3832 sibi
1725 3782 1950 3831 invicem
1972 3778 2276 3830 succedunt.
2342 3778 2446 3828 Mi-

240 3859 519 3911 Mentimur
542 3875 764 3925 regnare
782 3860 1003 3913 Jovem.'
1373 3861 1548 3909 nutius
1587 3860 1766 3908 Felix:
1817 3861 1833 3887 ‘
1862 3858 2001 3910 Quid
2028 3857 2364 3906 tenebrarum
2388 3862 2445 3905 et

297 3941 326 3986 3
360 3938 617 4001 Haerent]
684 3938 893 3987 Incerto
926 3945 1094 4003 ,atque
1136 3935 1293 3986 dubio
1374 3938 1622 3986 luminum
1646 3937 1815 3986 dicam
1852 3941 2182 3987 recursantes
2206 3934 2363 3996 vices,
2384 3938 2444 3983 ut

242 4019 355 4070 msa
375 4013 494 4064 binc
516 4020 677 4079 atque
700 4014 819 4062 inde
843 4012 1122 4073 ferrentur,
1145 4027 1294 4075 aquae
1375 4012 1445 4062 sit
1467 4014 1613 4061 nobis
1634 4013 1805 4076 operis
1826 4019 1882 4061 et
1910 4011 2095 4077 qnietis
2132 4012 2333 4060 alterna
2366 4024 2447 4061 re·

240 4086 439 4138 fluentis
455 4090 636 4153 instar,
675 4105 790 4155 quae
810 4091 901 4139 has
920 4091 1137 4154 illasque
1155 4091 1295 4153 ripas
1334 4133 1339 4138 .
1376 4092 1583 4154 paratio
1598 4088 1633 4137 ?’

241 4167 396 4216 alluit.
448 4168 728 4217 Manilius:
772 4170 788 4199 ‘
808 4168 951 4217 Hinc
991 4173 1048 4216 et
1090 4181 1217 4230 opes
1241 4172 1298 4216 et
1442 4172 1472 4216 7
1506 4167 1658 4231 Lege]
1682 4168 1842 4217 Certo
1865 4166 2249 4228 constitutoque
2272 4176 2446 4224 cursu,

243 4256 394 4307 regna
413 4241 616 4295 fluunt.’
1376 4242 1467 4307 qui
1491 4243 1575 4291 lex
1597 4242 1822 4303 dicitur;
1875 4258 1987 4290 nam
2022 4243 2039 4270 ‘
2065 4241 2126 4289 ln
2149 4239 2282 4288 coeio
2318 4237 2444 4290 nihil

298 4325 330 4373 4
360 4320 582 4387 Foedera]
647 4322 806 4374 Ilium
840 4334 1013 4371 rerum
1045 4319 1301 4382 ordinem,
1379 4316 1672 4385 fortuitum,
1687 4317 1813 4378 nihii
1832 4317 2164 4370 temerarium
2186 4313 2445 4383 provenit,
