2925 4928
434 403 569 474 650
600 413 605 416 ’
1111 417 1229 468 ct..
1277 417 1705 468 cunnum
1758 419 1966 469 xxm

440 584 529 651 Et
555 583 730 650 sacri
763 579 1002 648 Mariae
1033 587 1287 666 partus,
1380 582 1635 648 Lucina
1663 584 1932 649 labores

439 686 710 752 Solatur
729 707 745 751 τ
792 685 1045 750 residet
1063 685 1353 768 fulgente
1378 705 1708 768 puerpera
1724 686 1924 752 lecto.

438 789 737 854 Solicitae
757 789 962 872 juxta
990 789 1361 873 pallescunt
1392 788 1642 870 gaudia
1671 789 1928 853 matris,

438 891 838 975 Susceptum
867 911 1146 976 puerum
1177 890 1499 955 redimitae
1531 896 1824 974 tempora
1855 888 2192 973 Nymphae
2511 887 2642 953 345

436 991 605 1058 Auri
636 994 815 1060 fonte
834 995 1076 1059 lavant.
1165 993 1455 1058 Teneros
1479 991 1563 1056 de
1594 991 1868 1055 stamine
1896 993 2093 1068 iisne,

439 1095 860 1182 Vagitusque
891 1096 1119 1161 audire
1165 1100 1417 1179 putes..
1474 1093 1522 1161 J
1526 1112 1636 1159 am
1668 1099 1964 1158 creverat
1992 1092 2209 1159 infans

441 1198 576 1264 Ore
604 1199 820 1264 ferens
850 1205 1141 1283 patrem:
1189 1196 1311 1262 sed
1340 1215 1507 1262 avus
1535 1197 1853 1261 maturior
1879 1198 2009 1262 aevi

443 1300 693 1366 Martia
716 1309 977 1368 recturo
997 1303 1197 1367 tradit
1215 1307 1562 1386 praecepta
1588 1301 1843 1383 nepoti.
2417 1359 2424 1365 .

438 1395 638 1470 Parte
664 1408 796 1471 alia
823 1408 1081 1491 spumis
1109 1407 1441 1471 fucantem
1471 1405 1702 1469 Serica
1728 1402 1939 1469 fraena
2516 1401 2647 1494 350

442 1507 860 1590 SanguineiS,
891 1511 1124 1593 primae
1156 1510 1455 1591 signatus
1487 1509 1648 1573 flore
1670 1509 1996 1592 juventae,

440 1684 626 1735 Lucina
647 1687 908 1735 consolatur
929 1700 1239 1750 puerperam
1264 1684 1582 1735 laborantem.-
1617 1684 1727 1734 haec
1747 1685 1874 1733 sedet
1897 1683 1948 1732 in
1972 1681 2119 1732 cubili
2137 1681 2425 1744 splendente.
2495 1680 2650 1743 Prope

439 1753 593 1798 mater
607 1751 756 1799 anxia
772 1756 816 1799 et
839 1753 1006 1800 laetans
1023 1752 1185 1814 pallet.
1255 1751 1491 1815 Nympha
1512 1751 1665 1813 capite
1685 1754 1905 1798 coronato
1936 1748 2132 1796 abmnt
2164 1747 2213 1794 in
2242 1745 2385 1805 fonte
2415 1760 2556 1793 aureo
2576 1744 2652 1793 in·

428 1812 619 1872 fantem
634 1821 818 1865 natum.
886 1818 1064 1864 Credas
1086 1826 1139 1864 te
1159 1817 1322 1864 audire
1342 1816 1469 1864 risus
1491 1816 1683 1864 tenellos
1703 1819 1752 1863 et
1774 1815 1989 1874 vag-itum
2009 1827 2072 1861 ex
2092 1814 2204 1861 tela.
2266 1812 2472 1873 Jamque
2491 1807 2653 1867 infans

440 1878 635 1927 habens
651 1883 834 1929 vultum
850 1881 1050 1928 similem
1079 1881 1211 1944 patn'
1246 1881 1479 1929 Honorio
1511 1883 1750 1928 creverat.-
1780 1879 1864 1927 sed
1885 1892 2002 1926 avus
2030 1877 2146 1925 8ιίΙί
2179 1877 2245 1925 1ιο
2264 1880 2482 1924 maturus
2511 1878 2664 1928 aetate,

439 1944 526 1991 dat
562 1946 841 1993 documenta
876 1946 1065 1993 Martia
1098 1946 1260 2008 nepoti
1295 1948 1596 1994 moderatum
1639 1943 1856 1993 Orbem.
1924 1944 2002 1991 Ex
2041 1891 2180 2004 purg
2214 1942 2367 1989 altera
2393 1939 2656 1988 Eucherius

441 2005 576 2057 filius
600 2009 900 2059 stilichonis
938 2012 1151 2074 depictus
1187 2010 1239 2058 in
1265 2009 1392 2073 flore
1419 2013 1594 2072 prima
1613 2009 1883 2069 juventutis
1915 2007 2135 2066 domabat
2167 2021 2334 2070 eqmnn
2365 2005 2654 2069 inficientem

1368 2157 1602 2176 “0300“
1610 2156 1724 2175 ‘000

443 2252 540 2297 342
574 2265 728 2299 sacros
748 2251 942 2300 Moret.
965 2267 1043 2314 pr.
1072 2258 1244 2315 partus
1268 2253 1446 2301 Μανία»
1461 2253 1605 2303 Med.
1627 2257 1749 2305 tert.
1771 2251 1891 2303 Pat.
1938 2256 2105 2315 portus
2123 2250 2278 2299 Voss.
2299 2264 2369 2299 m.
2393 2245 2490 2312 ph
2529 2249 2657 2299 ‹1010-

443 2329 519 2361 res
542 2313 689 2363 Leid.
714 2329 791 2376 pr.
814 2317 938 2365 Vnt.
965 2331 1043 2379 pr.
1065 2325 1120 2366 et
1146 2323 1269 2367 tert.
1294 2318 1408 2366 Pal.
1439 2319 1585 2368 Rott.
1621 2317 1782 2367 Oisel.
1812 2317 2016 2366 Thuan.
2039 2316 2234 2365 Mazar.
2255 2316 2288 2366 J
2296 2329 2382 2363 un.
2408 2322 2463 2364 et
2486 2314 2655 2364 Oxon.

445 2393 523 2440 pr.
557 2384 661 2427 vet.
691 2378 822 2442 Gyr.
854 2380 981 2430 Exc.
1017 2382 1151 2430 Laeti
1183 2389 1237 2430 et
1260 2382 1475 2431 Lucem.
1501 2397 1579 2444 pr.
1631 2382 1811 2432 labores
1831 2383 1979 2432 VosS.
2001 2396 2118 2431 cum
2147 2380 2505 2429 novemdecim
2529 2378 2656 2444 assis,

446 2443 576 2492 Exc.
611 2443 826 2495 Gevart.
866 2444 989 2495 Ald.
1031 2447 1112 2496 ed.
1154 2447 1326 2496 Parni.
1369 2453 1424 2496 et
1464 2447 1636 2497 Vicet.
1706 2448 1888 2498 dolores
1927 2447 2010 2497 vel
2048 2445 2227 2495 labores
2272 2443 2444 2495 Oxon.
2486 2458 2656 2497 sec.—

444 2512 540 2556 343
562 2508 696 2569 J‘usta
717 2511 840 2558 Var.
870 2512 971 2559 LL.
995 2512 1078 2560 ed.
1102 2512 1262 2561 Antv.
1313 2517 1489 2560 matres
1511 2512 1655 2562 Med.
1680 2519 1802 2563 tert.
1825 2514 2022 2562 Mazar.
2055 2512 2157 2560 inc.
2192 2511 2376 2562 Heius,
2400 2510 2488 2574 qui
2511 2510 2656 2558 matri

446 2572 757 2622 rescribit.-
768 2578 862 2623 345
900 2575 1178 2639 Suspectum
1216 2578 1367 2626 Voss,
1402 2593 1472 2625 m.
1513 2592 1588 2640 pr.
1643 2578 1913 2626 redimitum
1949 2579 2076 2636 Reg.
2116 2577 2286 2624 Oxon.
2326 2590 2402 2639 pr.
2467 2589 2656 2637 corpore

447 2636 626 2690 Ambr.
650 2642 893 2704 piu—346
927 2642 1084 2689 lerant
1105 2642 1228 2692 Jun.
1262 2657 1339 2705 pr.
1368 2642 1484 2691 Vat.
1509 2657 1611 2690 sec.
1635 2643 1786 2690 Fam.
1830 2642 1881 2690 in
1900 2642 2100 2691 stamine
2116 2641 2267 2689 Voss,
2293 2641 2416 2689 Lov.
2455 2640 2655 2689 Bonon.

443 2702 646 2753 TholoS.
680 2704 780 2753 inc.
819 2704 1000 2754 Heius.
1040 2706 1189 2755 ambo
1214 2708 1404 2755 Moret.
1440 2714 1548 2756 tres
1589 2705 1769 2755 Ambr.
1801 2708 1929 2756 Exc.
1968 2707 2186 2756 Gevart.
2221 2707 2441 2754 LucenS.
2465 2718 2546 2767 pr.
2570 2704 2653 2753 ed.

446 2767 619 2818 Vicet.
652 2770 878 2817 stramine
903 2771 1087 2818 Petav.
1115 2785 1218 2819 see.
1239 2786 1303 2820 m.
1328 2786 1430 2821 sec.
1482 2772 1533 2819 in
1554 2772 1758 2820 stamina
1784 2771 1927 2821 Med.
1952 2780 2084 2821 tert.‘
2101 2773 2216 2819 Put.
2241 2777 2349 2818 tres
2374 2770 2562 2819 Petav.
2597 2769 2656 2817 de

446 2833 646 2881 stamine
668 2834 790 2882 Vnt.
816 2849 891 2896 pr.
927 2842 981 2883 et
1006 2841 1128 2885 tert.
1156 2837 1264 2884 Pal.
1289 2836 1450 2885 Oisel.
1475 2837 1603 2885 Exc.
1632 2837 1780 2886 Laeti.
1812 2839 1871 2885 de
1894 2837 1972 2884 ve!
1997 2837 2046 2884 in
2066 2835 2265 2884 stamine
2288 2835 2461 2885 Oxon.
2488 2848 2656 2883 sec.-

445 2901 539 2945 347
583 2897 787 2959 Vagitus
820 2900 944 2949 Jun.
985 2904 1227 2963 ιιι-348
1256 2916 1428 2961 gerens
1451 2902 1644 2950 Mon-et.
1671 2915 1747 2964 pr.
1801 2903 1881 2949 sed
1910 2916 2023 2949 avus
2062 2901 2206 2949 Leid.
2245 2914 2323 2962 pr.
2355 2907 2408 2948 et
2431 2897 2655 2947 sedecim

447 2962 651 3024 scripti,
675 2964 803 3012 Exc.
830 2964 1045 3013 Gevart.
1068 2965 1292 3014 Lucens.
1330 2980 1436 3014 sec.
1473 2974 1529 3013 et
1567 2965 1753 3015 Sched.
1776 2965 1913 3015 Gud.
1965 2965 2135 3015 Stilico
2166 2972 2259 3028 p'ro
2290 2966 2371 3012 sed
2403 2978 2521 3011 avus
2552 2970 2654 3010 tres

444 3024 590 3098 yatt.
614 3026 731 3074 Pal.
757 3028 910 3076 Farn.
942 3029 1088 3077 Rott.
1150 3029 1317 3077 Stilico
1341 3032 1422 3078 vel
1444 3032 1527 3079 sed
1545 3045 1660 3078 avus
1680 3032 1911 3080 Florem.
1957 3036 2147 3079 matura
2166 3030 2361 3077 verendo
2384 3029 2488 3077 duo
2511 3026 2655 3077 Med.

445 3103 543 3149 ipo.
562 3089 744 3139 Heius,
761 3091 946 3141 Petav.
965 3107 1067 3141 sec.
1085 3093 1203 3142 Pat.
1223 3093 1401 3143 Ambr.
1421 3109 1526 3143 sec.
1549 3096 1675 3144 Exc.
1694 3095 1912 3144 Gevart.
1928 3097 2148 3143 LucenS.
2169 3108 2246 3156 pr.
2279 3109 2379 3142 oevo
2396 3093 2499 3142 duo
2512 3092 2656 3141 Vatt.

447 3153 560 3202 Pal.
580 3154 734 3204 Farn.
766 3155 953 3206 Petav,
972 3172 1050 3220 pr.
1074 3165 1128 3206 et
1148 3159 1269 3206 Vat.
1297 3166 1415 3208 tert.
1439 3175 1504 3208 m.
1528 3173 1633 3208 sec.
1688 3161 1779 3208 aevi
1798 3159 2094 3224 quindecim
2119 3159 2227 3218 alii,
2249 3158 2373 3206 item
2399 3159 2529 3207 Exc.
2554 3156 2654 3206 Ge·

450 3225 576 3268 νει-ι.
609 3221 688 3267 sed
704 3234 821 3268 avus
841 3226 1028 3269 matura
1050 3225 1248 3271 verendo
1275 3220 1420 3273 Leid.
1439 3238 1546 3273 sec.
1580 3230 1770 3273 matura
1786 3225 1982 3274 verendo
2002 3229 2055 3273 et
2076 3224 2406 3273 emendatum
2428 3221 2657 3271 maturior

446 3299 545 3331 oevo
569 3284 713 3333 Leid.
737 3300 812 3347 pr.
846 3288 926 3334 sed
948 3301 1061 3334 avus
1078 3293 1264 3336 matura
1281 3292 1478 3337 verendo
1499 3290 1579 3337 vel
1598 3288 1767 3338 stilico
1790 3289 2024 3338 maturi-or
2038 3289 2129 3337 oevi
2151 3289 2293 3339 Prie.
2317 3288 2447 3351 Reg.
2470 3287 2656 3336 Petav.

449 3355 572 3396 tert.
599 3349 723 3398 Lov.
747 3350 1062 3399 Voss.—-349
1096 3358 1288 3401 venturo
1322 3354 1469 3403 Leid.
1494 3369 1596 3403 see.
1626 3369 1692 3402 m.
1727 3369 1804 3416 pr.
1830 3354 1975 3403 Med.
2008 3360 2128 3404 tert.
2149 3354 2303 3403 Voss·
2326 3368 2391 3402 m.
2417 3369 2499 3417 pr.
2524 3354 2653 3403 Exc.

428 3411 665 3469 ¹Gevart.
713 3416 887 3462 vectori
912 3416 1065 3465 Faru.
1115 3419 1308 3465 dederat
1333 3419 1432 3468 inc.
1457 3418 1798 3468 Heium—350
1819 3417 2067 3477 fucantem
2091 3420 2284 3467 Mazar.
2309 3419 2439 3467 Exc.
2460 3418 2655 3467 Schott.

447 3477 570 3526 Var.
593 3478 696 3527 LL.
721 3479 801 3528 ed.
827 3478 985 3530 Antv.
1016 3483 1282 3542 signantem
1308 3483 1446 3532 Prie.
1467 3499 1533 3531 m.
1558 3498 1660 3532 sec.
1694 3483 1976 3547 firmantem
1999 3484 2185 3532 Petav.
2210 3489 2333 3533 tert.
2365 3487 2657 3546 spumantem

448 3540 628 3591 Ambr.
644 3558 724 3606 pr.
741 3542 841 3592 dno
860 3546 1003 3594 Vatt.
1021 3546 1134 3594 Pan.
1150 3546 1252 3595 duo
1267 3547 1410 3597 Med.
1423 3548 1817 3597 Thuan.PetaV.
1837 3563 1913 3610 pr.
1933 3563 2000 3597 m.
2021 3563 2098 3612 pr.
2116 3547 2198 3598 ed.
2213 3548 2385 3596 Vicet.
2408 3549 2658 3596 undantem

448 3607 643 3656 Moret.
666 3622 773 3658 sec.
818 3608 1086 3669 fumantem
1108 3612 1232 3661 Jun.
1255 3626 1333 3674 pr.
1358 3612 1530 3662 Oxou.
1569 3626 1672 3662 sec.
1705 3612 1807 3661 dno
1848 3613 2033 3663 Leidd.
2072 3612 2293 3662 totidem
2320 3614 2471 3661 Vatt.
2503 3612 2656 3660 Farn.

452 3671 595 3721 Prie.
621 3673 768 3722 Rott.
794 3672 956 3723 Oisel.
986 3675 1207 3724 Florent.
1233 3676 1335 3725 duo
1359 3675 1504 3726 Med.
1541 3678 1641 3727 inc.
1682 3677 1865 3726 Heius.
1905 3678 2041 3726 Exc.
2081 3676 2213 3726 Laeti
2254 3684 2310 3724 et
2332 3677 2555 3726 Lucens.
2580 3689 2658 3738 pr.¹

450 3736 576 3785 Var.
615 3737 723 3788 LL.
764 3752 793 3786 e
833 3752 996 3803 marg.
1030 3740 1204 3790 Parni.
1244 3740 1404 3802 sortia
1424 3740 1573 3802 frena
1605 3742 1800 3791 Thuan.
1853 3743 1980 3791 seria
2017 3743 2376 3793 Mezen—351
2413 3742 2656 3805 Purpureo

1440 3891 1661 3943 No'rAE

449 3996 731 4046 animatum
754 4013 870 4047 esse
892 4012 924 4047 a
946 4000 1202 4055 Minerva.
1590 4003 1836 4055 edicite.-
2099 4022 2102 4027 ·

513 4076 608 4121 343
644 4074 877 4134 fulgente
896 4076 1040 4140 lecto]
1089 4076 1252 4139 Auro,
1282 4081 1512 4143 gemmis,
1658 4085 1757 4132 346
1789 4079 2091 4144 Aurisonte]
2124 4080 2187 4130 In
2228 4080 2367 4144 pelvi
2406 4093 2565 4130 aurea
2585 4079 2655 4129 la-

437 4162 694 4215 purpura.
842 4182 847 4186 -
1378 4188 1381 4191 -
1593 4163 1715 4205 vent
1738 4155 2005 4206 infantem.
2481 4182 2486 4187 ·
2557 4184 2560 4187 *

512 4228 609 4275 344
653 4206 946 4290 Ραῑιεεσιιηε]
1012 4229 1134 4280 Νοιι
1177 4231 1364 4294 gaudia
1402 4232 1514 4296 pal-
1663 4237 1760 4282 360
1794 4232 2078 4298 Facente'm]
2128 4232 2476 4299 Inficientem,
2519 4247 2657 4300 spar-

448 4303 673 4366 leseunt,
694 4300 788 4352 sed
809 4309 978 4353 mater
1008 4306 1340 4379 gaudens,et
1360 4309 1512 4361 simul
1597 4315 1825 4373 gentem.
1979 4336 1986 4341 -
2037 4354 2042 4357 .
2403 4350 2414 4361 t
2475 4320 2478 4323 ·
2533 4338 2538 4343 -
