2925 4928
920 410 1018 462 nn
1066 407 1305 457 annno
1354 408 1789 458 crnnoch.
2327 391 2460 466 ,409

261 554 584 621 Carbasa.
676 556 1052 638 Despectas
1081 560 1261 619 trans
1286 573 1573 637 aequora,
1592 554 1819 619 ducite
1841 554 2041 636 leges.
2436 625 2441 628 Δ

255 658 484 723 Tertia
498 658 645 741 jam
674 657 870 721 solito
899 657 1125 726 cervix
1151 676 1470 722 mucrone
1493 663 1764 734 rotetur,
2328 655 2461 721 465

253 760 556 825 Tandem
584 760 871 825 funereis
900 759 1098 824 finem
1127 761 1429 843 positura
1459 760 1772 843 tyrannis·

256 862 504 927 Omina
536 864 934 928 conveniunt
958 862 1162 940 dicto,
1193 863 1552 946 fulvusque
1580 862 1902 928 Tonantis

250 964 564 1047 Armiger
589 967 676 1031 ad
702 964 1046 1047 liquidam,
1077 967 1335 1031 cunctis
1366 967 1850 1048 spectantibuS‚
1875 965 2143 1030 aethram

253 1068 653 1151 Correptum
677 1067 970 1150 pedibus'
990 1068 1216 1134 curvis
1245 1071 1552 1133 innexuit
1591 1068 1893 1151 hydrum.
2434 1129 2441 1136 a

248 1171 569 1253 Dumque
602 1171 1038 1235 reluctantem
1066 1155 1291 1246 morsu
1318 1174 1599 1255 partitur
1628 1173 1915 1249 obunco,
2042 1228 2049 1234 .
2319 1169 2451 1235 470

247 1272 482 1338 Haesit
506 1275 575 1337 in
602 1293 823 1355 ungue
855 1281 1095 1357 caput:
1142 1279 1482 1360 truncatus
1511 1273 1779 1338 decidit·
1805 1274 2062 1356 anguis,

244 1375 441 1441 Ilicet
470 1376 765 1457 auguriis
796 1376 1050 1440 alacres
1073 1396 1195 1459 per
1224 1395 1395 1440 saxa
1419 1376 1633 1454 citati,

241 1571 511 1616 contemtus.
575 1569 691 1616 Jam
732 1573 873 1631 caput
899 1568 1096 1618 tertium
1116 1566 1472 1631 'tyrannorum
1494 1568 1759 1615 demetatur
1779 1580 1885 1615 ense
1917 1569 2155 1624 consueto,
2192 1565 2447 1614 allaturum

240 1634 430 1681 tandem
458 1631 615 1698 finem
646 1635 863 1696 tyrannis
892 1632 1121 1694 funestis.
1188 1634 1436 1695 Praeoagia
1474 1633 1768 1681 consentiunt
1808 1632 1889 1679 his
1931 1630 2087 1679 verbis
2121 1630 2363 1691 Honorii,
2395 1634 2445 1679 et

240 1697 427 1761 aquila,
454 1696 597 1757 fulva
625 1699 861 1758 armigera
881 1699 1037 1760 ἆουίε,
1058 1698 1272 1747 omnibus
1290 1698 1574 1758 videntibus,
1595 1697 1827 1760 implicuit
1857 1695 2089 1757 unguibus
2125 1695 2317 1743 aduncis
2350 1709 2448 1743 ser-

235 1766 419 1824 pentem
439 1767 633 1826 raptum
654 1764 706 1812 in
728 1764 836 1812 aifre
855 1778 1034 1824 sereno,
1074 1767 1122 1811 et
1164 1765 1276 1812 dum
1315 1763 1517 1811 dilaniat
1541 1763 1681 1810 illum
1699 1762 1994 1811 resistentem
2036 1765 2190 1828 rostro
2233 1775 2445 1824 recurvo,

239 1831 373 1888 caput
418 1827 534 1890 ejus
577 1828 776 1876 adhoesit
814 1828 940 1876 inter
978 1842 1175 1889 ungam,
1208 1842 1395 1891 corpus
1439 1827 1657 1876 draconis
1689 1827 1958 1875 mutilatum
2000 1825 2193 1872 corruit.
2263 1824 2444 1873 Statim

240 1892 431 1941 milites
454 1893 631 1942 hilares
650 1893 850 1943 excitati
865 1893 946 1943 ‘his
967 1893 1190 1956 auspiciis
1210 1897 1407 1942 currunt
1424 1907 1512 1955 per
1532 1907 1687 1955 rupes,
1702 1897 1750 1941 et
1772 1892 1973 1956 fluvios,
1995 1905 2086 1939 non
2127 1904 2255 1949 mon-5
2290 1904 2442 1939 remo-

1093 2041 1102 2046 -
1168 2034 1284 2053 OO‘O
1289 2033 1375 2053 ‘Oe
1379 2030 1528 2053 “O“

234 2123 450 2183 σηπίαι·
468 2118 613 2169 Med.
636 2126 800 2184 quart.
917 2119 988 2169 id.
1028 2134 1131 2169 sec.
1170 2134 1238 2169 m.
1272 2133 1375 2169 sec.
1414 2111 1545 2169 Exc.
1569 2120 1946 2170 (levam—465
1978 2120 2113 2168 solito
2134 2118 2296 2169 cervix
2318 2118 2442 2172 Pat.

235 2184 436 2234 Mazara·
459 2185 651 2234 Moret.
674 2199 779 2234 sec.
844 2193 915 2234 at.
939 2184 1104 2236 Livin.
1149 2184 1312 2233 cervix
1332 2185 1468 2233 solito
1491 2184 1594 2234 duo
1618 2186 1764 2235 Vatt.
1792 2186 1903 2234 Pal.
1926 2186 2083 2234 Farn.·
2100 2186 2243 2234 Rott.
2287 2184 2440 2234 subito
2464 2229 2465 2236 ,

234 2249 313 2296 vel
334 2249 476 2298 solito
501 2250 644 2299 Med.
673 2264 777 2299 sec.
802 2250 971 2300 Oxou.
995 2264 1101 2299 sec.
1152 2254 1344 2306 notetur
1364 2250 1447 2299 ed.
1471 2250 1808 2300 vicen—466
1867 2250 2033 2299 Tertia
2062 2249 2281 2310 funereis
2325 2250 2440 2299 Pal.

233 2312 377 2363 Med.
400 2328 483 2376 pr.
506 2329 638 2363 unus
665 2314 844 2364 Heius.
892 2328 1107 2364 curamus
1130 2329 1223 2376 pro
1246 2316 1462 2377 tyrannis
1483 2316 1606 2364 Var.
1629 2316 1731 2365 LL.
1755 2315 1837 2363 ed.
1866 2314 2024 2364 Antv.
2069 2316 2224 2364 ruinis
2244 2314 2440 2366 Moret.

229 2391 336 2428 sec.
386 2379 543 2428 ruini-³
565 2381 646 2428 vel
668 2379 884 2443 tyrannis
907 2380 1197 2443 Reg,—-—467
1238 2381 1414 2429 Omnia
1434 2380 1548 2430 Pal.
1572 2381 1723 2429 Farn.
1749 2380 1914 2430 Oisel.
1938 2380 2084 2430 Leid.
2115 2385 2221 2430 sec}
2253 2379 2442 2432 Petav-

229 2450 353 2497 1ert.
380 2458 450 2493 m.
471 2458 574 2495 sec.
592 2443 715 2494 Ald.
755 2445 931 2495 Omina
954 2453 1057 2497 vet.
1081 2445 1211 2510 Gyr.
1235 2460 1352 2495 cum
1376 2444 1555 2496 decem
1583 2446 1712 2496 aliis.
1751 2446 1895 2495 dictio
1914 2446 2035 2496 Vat.
2060 2452 2183 2496 tert.
2208 2445 2439 2509 Florent.

230 2511 400 2559 ductos·
416 2510 539 2559 Vat.
563 2525 639 2571 pr.
673 2526 741 2560 m.
766 2525 845 2574 pr.
882 2513 1009 2560 dicto
1036 2513 1118 2561 vel
1154 2511 1301 2560 dictis
1338 2511 1464 2560 Put.
1504 2512 1746 2574 fulvisque
1779 2513 1908 2560 -Var.
1941 2513 2044 2561 LL.
2086 2510 2167 2560 ed.
2211 2510 2440 2559 Amr.—

225 2578 321 2625 468
354 2575 668 2638 ‹id-liquidum
689 2574 870 2624 Ambr.
893 2591 973 2639 pr.
1026 2578 1089 2625 ad
1124 2577 1353 2640 liquidam
1384 2583 1605 2640 quatuor
1631 2578 1775 2626 Vatt.
1811 2577 1951 2626 Pric.
1991 2576 2154 2626 Oisel.
2202 2576 2440 2638 obliquida

226 2640 378 2689 aethra
402 2642 550 2691 Rott.
598 2641 657 2690 ab
680 2640 862 2704 liquida
878 2642 1032 2691 <ethra
1055 2642 1201 2691 Leid.
1227 2646 1329 2691 seb.
1403 2640 1531 2690 mbr.
1557 2649 1680 2691 tert.
1721 2641 1826 2690 duo
1849 2642 2021 2692 Oxon.
2061 2643 2190 2691 Exc.
2214 2641 2432 2691 Gevart.

227 2711 279 2754 et
299 2705 506 2755 Ruben.
539 2720 569 2755 a
592 2706 771 2770 liquida
790 2707 944 2755 aethra
969 2714 1168 2770 septem
1193 2706 1278 2754 alii
1299 2711 1355 2755 et
1374 2707 1502 2754 Exc.
1526 2707 1677 2756 Laeti.
1731 2707 1916 2770 obliqua
1934 2707 2087 2756 oethra
2110 2706 2273 2756 velud
2296 2705 2437 2768 liqui-

226 2772 561 2820 damoethram
593 2773 826 2820 Florent.
864 2770 1010 2821 Med.
1045 2774 1316 2821 sem—469
1366 2773 1647 2834 Correptum
1672 2773 1791 2821 Vat.
1829 2788 1908 2837 pr.
1953 2778 2010 2820 et
2050 2779 2178 2827 tert„
2206 2771 2438 2822 Florent.
2503 2832 2506 2836 ⁴

221 2835 427 2901 Mazar.
453 2836 571 2886 Pat.
597 2836 778 2886 Ambr.
801 2851 905 2886 sec.
930 2850 994 2885 m.
1018 2851 1096 2899 pr.
1119 2837 1217 2885 inc.
1242 2835 1422 2886 Heius,
1441 2843 1495 2886 et
1521 2837 1604 2884 ed.
1627 2837 1798 2887 Vicet.
1853 2839 2106 2886 Collectum
2146 2835 2293 2886 Leid.
2329 2851 2435 2897 sec.

227 2899 342 2953 cum
363 2902 552 2965 viginti
586 2908 806 2966 quatuor
844 2902 957 2950 aliis
996 2908 1049 2950 et
1083 2902 1212 2951 Exc.
1245 2900 1464 2950 Gevart.
1510 2902 1762 2950 Arrectum
1796 2903 1919 2952 Vat.
1962 2903 2126 2965 quint.
2181 2901 2435 2963 Arra-tam

226 2964 407 3017 Ambr.
431 2983 513 3031 pr.
560 2971 820 3031 Ari-eptam
840 2966 1029 3016 Sched.
1050 2966 1187 3016 Gud.
1234 2967 1388 3013 curvis
1415 2966 1615 3029 pedibus
1639 2967 1752 3017 Pal.
1779 2967 1924 3017 Med.
1949 2982 2051 3017 sec.
2074 2982 2143 3015 m.
2171 2981 2246 3029 pr.
2294 2967 2435 3016 soevio

228 3037 345 3082 octo
388 3034 495 3094 alii,
519 3035 648 3082 Exc.
683 3033 814 3082 Cod.
856 3033 1036 3081 Rhem.
1103 3031 1347 3081 Heinsius
1388 3032 1705 3095 ascripserat
1743 3033 1914 3082 locum
1951 3031 2117 3081 Proef.
2156 3045 2244 3081 ιιι.
2279 3030 2434 3083 Cous.

227 3096 361 3148 Hon.
385 3112 461 3147 vs·
491 3102 568 3150 10.
589 3099 604 3125 ‘
628 3098 898 3161 Unguibus
921 3099 1058 3146 hunc
1079 3096 1230 3145 saevis
1256 3096 1332 3144 ira
1350 3105 1572 3160 paterna
1595 3096 1744 3147 ferit!
1777 3098 1915 3146 saevis
1935 3099 2020 3146 vel
2041 3097 2197 3146 curvis
2212 3098 2329 3146 Vat,
2355 3111 2434 3160 pr.

121 3180 128 3186 ·
227 3161 436 3212 intexuit
458 3165 588 3213 Exc.
610 3164 743 3213 Laeti
766 3171 821 3213 et
844 3163 1046 3212 Ruben.
1096 3161 1319 3224 Hydram
1344 3161 1532 3210 Sched.
1558 3161 1695 3212 Gnd.
1744 3177 1944 3224 anguem
1966 3162 2106 3211 Prie.
2176 3162 2278 3211 Hic
2302 3161 2431 3212 Exc.

227 3226 451 3278 Rubenii
493 3227 740 3278 desinunt
779 3236 833 3277 et
875 3227 1379 3288 finiaxdesideratuu
1421 3227 1545 3290 quia
1578 3228 1677 3277 Ms,
1703 3228 1901 3277 Ruben.
1934 3228 2019 3277 hic
2063 3227 2432 3277 deficiebat.—

224 3296 318 3341 47⁰
354 3293 534 3342 obunco
555 3293 721 3343 Oisel.
762 3291 909 3342 Med.
933 3307 1011 3356 pr.
1065 3288 1240 3340 obunco
1281 3291 1428 3340 Rott.
1450 3293 1642 3340 Moret.
1678 3307 1758 3356 pr.
1778 3292 2118 3342 Sched.Gud.
2152 3291 2235 3342 ed.
2258 3291 2431 3341 Vicet.

225 3357 383 3406 arerbo
419 3359 614 3408 Mazar.
640 3359 769 3410 Exc.
809 3356 939 3407 Cod.
965 3355 1148 3406 Rhem.
1200 3357 1377 3404 adunco
1422 3356 1715 3421 quindecim
1755 3357 1961 3420 scripti,
1999 3358 2170 3406 O‘xon.
2214 3363 2271 3406 et
2302 3357 2427 3406 Lov.

223 3421 393 3472 obunco
418 3425 501 3473 vel
524 3425 699 3473 adunco
716 3423 997 3475 Pan—471
1033 3420 1212 3471 decidit
1230 3421 1402 3482 unguis
1429 3421 1553 3471 Vat.
1593 3425 1858 3473 sem—4⁷2
1889 3421 2076 3471 citatim
2110 3421 2229 3471 Pat.
2279 3421 2430 3471 rotati

1224 3574 1438 3628 NOTAE

226 3693 507 3759 Imperium
530 3700 789 3760 sequatur.
895 3738 902 3742 .
1049 3717 1054 3721 ·
1370 3704 1375 3707 '
1427 3696 1526 3743 466
1544 3688 1810 3760 Ἐπωπέι]
1876 3688 1981 3740 Qui
2018 3694 2271 3753 perpetuo
2305 3704 2425 3754 gau·

225 3790 231 3797 ·
283 3776 380 3821 464
412 3771 587 3834 Leges]
652 3773 911 3821 Romanas
954 3770 1096 3834 leges
1139 3772 1285 3821 redu-
1364 3771 1491 3821 dent
1512 3771 1675 3833 caede,
1699 3768 1965 3835 sauguine,
1983 3766 2184 3820 funere.

226 3848 325 3897 cite
347 3855 493 3898 trans
512 3849 694 3911 maria,
715 3849 770 3896 in
794 3846 1030 3898 Africam
1060 3847 1283 3911 scilicet,
1333 3861 1339 3866 ·
1425 3852 1525 3898 468
1546 3848 1792 3911 Armiger]
1818 3847 1947 3897 Haec
1969 3845 2286 3911 comparatio
2300 3845 2424 3910 ροὲ-

225 3924 307 3974 ubi
327 3938 360 3974 a
379 3924 606 3974 Gildone
626 3924 784 3988 impie
809 3930 1088 3975 contemta!
1113 3930 1251 3974 sunt.
1362 3925 1427 3974 tis
1447 3923 1732 3986 familiaris,
1754 3925 2004 3985 Homero,
2026 3923 2266 3988 Virgilio,
2289 3927 2390 3974 διο.

225 4016 234 4026 ·
280 4005 376 4051 465
411 4001 576 4049 Tertia
595 4000 780 4063 cervix]
828 4001 1019 4051 cervix
1038 4000 1278 4050 Gildonis
1425 4004 1523 4050 4⁷1
1563 3999 1849 4062 Trunoatus]
1910 3999 1975 4049 Id
2002 3999 2141 4064 quod
2160 3998 2427 4049 indicabat

223 4076 423 4140 tyranni
446 4083 665 4141 rotetur,
686 4077 739 4126 id
764 4083 863 4138 est,
894 4076 1069 4140 gladio
1103 4083 1277 4126 rotato
1363 4075 1577 4126 Gildoni
1615 4081 1773 4139 eaput
1807 4089 1920 4124 esse
1954 4074 2338 4139 amputandum,
2372 4089 2424 4124 e-

226 4157 534 4217 amputetur‚
547 4159 604 4202 et
622 4153 849 4202 addatur
867 4153 1155 4202 cervicibus
1174 4168 1276 4204 am-
1348 4152 1541 4216 jusque
1566 4166 1756 4216 eorpus
1795 4157 2035 4205 truncum
2068 4165 2420 4202 remansurum

227 4229 411 4292 put-tis
432 4229 659 4293 Eugenii
692 4235 749 4280 et
783 4229 1000 4281 Maximi
1035 4235 1278 4294 tyranno-
1360 4242 1491 4280 esse.

225 4319 349 4373 rum,
369 4305 648 4372 dequibus
669 4320 829 4373 supra
850 4305 1047 4358 dictum
1070 4313 1168 4358 est.
