2925 4928
954 437 1035 486 ιΝ
1085 400 1204 489 cr..
1248 399 1785 496 emunim-tun.
2368 437 2459 505 23

280 572 667 647 Pollentiam
725 583 1063 670 praelium,
1109 587 1290 671 quod
1348 609 1491 672 prae
1544 590 1787 656 ceteris
1836 590 2187 661 debuisset
2228 598 2458 667 verbis

280 704 610 766 exornare,
634 687 881 752 ‘leviter
900 695 1159 754 tantum
1192 692 1434 775 attigit.
1523 691 1782 759 Forsan
1814 698 2184 764 consultius
2215 704 2458 768 existi-

277 788 489 865 mavit,
530 790 767 872 paucis
798 791 1015 856 inilla
1044 813 1116 856 re
1142 792 1573 860 describenda
1603 797 1889 883 defungi,
1940 822 2092 886 quae
2144 812 2456 872 accurate

276 892 577 973 exposita
602 893 884 975 gloriam
913 893 1299 960 Stilichonis
1337 896 1447 960 vel
1490 898 1836 967 minuisset
1862 903 1969 967 vel
1999 905 2455 975 obscurasset.

275 991 485 1077 Hu'jus
514 995 611 1058 rei
642 999 1100 1080 suspicionem
1128 1000 1353 1083 ipsum
1374 1021 1643 1085 quoque
1665 1003 1892 1087 po‘etae
1919 1006 2210 1075 studium
2226 1016 2457 1076 movet

270 1095 330 1159 in
350 1095 684 1162 laudando
717 1099 1108 1166 Stilichonis
1139 1104 1424 1167 consilio
1449 1103 1547 1189 (V.
1574 1105 1681 1169 90.
1716 1106 1965 1193 seqq),
1998 1132 2133 1195 quo
2187 1112 2456 1198 pulsum

271 1195 627 1279 Alaricum,
657 1221 875 1284 quem,
910 1205 970 1268 si
1015 1204 1353 1269 adulatori
1401 1205 1570 1271 fides
1616 1215 1744 1286 est,
1790 1211 1901 1274 vel
1942 1212 2171 1278 vivum
2216 1235 2457 1300 capere

269 1301 363 1366 vel
388 1303 661 1384 penitus
694 1304 907 1370 delere
935 1308 1295 1391 potuisset,
1328 1308 1591 1375 salvum
1620 1318 1688 1375 et
1718 1312 2118 1381 incolumem
2149 1336 2235 1381 ex
2252 1318 2457 1383 Italia.

271 1401 576 1471 decedere
638 1427 889 1492 passus
942 1418 1063 1477 est.
1154 1412 1568 1498 Hujusmodi
1636 1414 2033 1500 eloquentiae
2085 1421 2471 1502 specimina

268 1509 507 1591 saepius
537 1516 776 1576 nostra
801 1515 1117 1579 memoria
1160 1517 1229 1580 in
1256 1535 1337 1581 eo
1376 1518 1557 1582 bello
1604 1506 1996 1599 suntedita,
2026 1542 2159 1605 quo
2181 1521 2458 1590 Germa·

267 1609 393 1688 nia,
422 1632 553 1676 non
588 1606 821 1679 virtuti
870 1624 944 1683 et
996 1618 1222 1698 armiS,
1254 1619 1372 1682 'sed
1404 1619 1797 1705 Principum
1845 1622 2187 1689 discordia
2230 1626 2459 1708 prodi-

264 1713 420 1778 tioni
465 1721 532 1780 et
573 1718 877 1801 perfidiae
925 1724 1154 1788 cessit.
1247 1721 1578 1789 Ceterum'
1611 1743 1767 1788 cum
1803 1723 2058 1790 indoles
2104 1731 2175 1790 et
2215 1734 2458 1793 natura

261 1813 436 1902 hujus
462 1822 727 1901 generis
758 1824 1121 1889 carminum
1150 1845 1193 1889 a
1213 1826 1547 1910 prioribus
1575 1846 1706 1890 non
1731 1848 2128 1912 magnopere
2159 1830 2458 1908 abludat,

265 1937 460 2003 eaque
488 1922 680 2001 vitia,
712 1944 863 2007 quae
890 1945 1087 2011 supra
1114 1934 1340 1995 notata
1369 1936 1544 2010 sunt,
1593 1930 1749 1996 huic
1777 1938 2046 2016 quoq‘ue
2083 1932 2323 2014 insint3
2370 1931 2460 1997 ad

262 2036 334 2086 ea
358 2034 818 2110 properemuS,
851 2038 1003 2114 quae
1032 2038 1307 2098 restant.

340 2125 668 2205 Quartum
725 2153 950 2214 genuS,
1003 2136 1182 2219 quod
1237 2139 1535 2203 carmina
1596 2136 1666 2202 in
1734 2138 2002 2222 nuptias
2061 2136 2351 2204 Honorii
2395 2141 2462 2202 et

265 2224 491 2294 Mariae
518 2237 725 2316 atque
759 2235 1049 2302 Palladii
1079 2244 1146 2303 et
1174 2236 1498 2305 Celerinae
1526 2241 2007 2325 complectitur,
2053 2261 2205 2305 cum
2251 2245 2460 2305 mate-

262 2332 352 2398 r'ia
402 2334 557 2419 ipsa
620 2343 760 2402 tum
813 2343 1206 2407 tractatione
1263 2344 1587 2428 majorem
1643 2344 1997 2409 lectoribus
2051 2344 2462 2427 voluptatem

261 2438 667 2517 praebebunt.
755 2441 839 2505 In
869 2442 998 2509 hoc
1028 2443 1338 2512 videmus
1380 2446 1679 2534 poetam,
1731 2468 2113 2532 quanquam
2154 2447 2287 2511 illis
2316 2446 2461 2510 vin-

263 2539 416 2604 culis
446 2541 748 2607 nondum
794 2547 989 2629 plane
1036 2550 1438 2630 exsolutum,
1472 2552 1716 2635 quibus
1761 2570 1911 2614 eum
1956 2547 2460 2615 consuetudinis

260 2637 352 2704 vis
395 2645 940 2732 existimatioque
992 2651 1271 2733 publica
1318 2653 1400 2716 de
1455 2652 1734 2736 pulchro
1779 2657 1847 2715 et
1889 2651 2192 2727 honesto,
2239 2648 2462 2733 qualis

260 2745 397 2807 tunc
425 2748 749 2831 temporis
796 2758 956 2830 erat,
1004 2754 1319 2818 innexum
1359 2753 1654 2833 tenebat,
1701 2753 1973 2818 liberius
2020 2759 2239 2818 tamen
2283 2749 2462 2817 ince-

263 2841 511 2934 dere,'et
559 2869 653 2913 ex
704 2872 826 2916 suo
873 2854 1088 2937 i'psius
1127 2858 1392 2940 ingenio
1442 2855 1788 2922 materiam
1838 2859 2086 2940 petere,
2132 2869 2335 2939 quam
2392 2855 2464 2917 in

258 2946 579 3029 prioribus
633 2954 741 3018 vel
785 2956 1068 3022 virtutes
1096 2962 1490 3026 amicorum
1547 2962 1657 3025 vel
1710 2961 1882 3026 vitia
1937 2956 2463 3024 adversariorum

257 3051 691 3132 praebuerant.
779 3056 951 3122 Cum
980 3062 1152 3126 enim
1188 3057 1429 3130 laudes
1472 3063 1752 3149 alicujus
1794 3062 2108 3148 persequi
2153 3064 2271 3125 aut
2297 3060 2463 3153 vitia

262 3161 364 3219 aut
400 3177 545 3221 rem
587 3159 883 3244 aliquam
927 3172 1185 3246 gestam
1243 3185 1585 3251 exponere
1640 3167 1855 3248 magis
1899 3166 1990 3230 sit
2035 3163 2320 3229 oratoris
2352 3160 2465 3226 vel

259 3253 549 3326 historici
578 3280 778 3347 quam
806 3265 1053 3349 po‘etae,
1087 3270 1250 3353 quia
1287 3273 1389 3334 tot
1424 3275 1699 3354 tamque
1743 3268 2030 3346 diversa,
2063 3286 2218 3351 quae
2265 3262 2465 3331 simul

260 3362 684 3440 praedicanda
744 3374 925 3447 sunt,
982 3371 1107 3435 vix
1160 3372 1256 3437 ita
1308 3377 1596 3456 possunt
1652 3371 1985 3458 componi,
2037 3373 2115 3433 ut
2167 3368 2465 3433 membra

263 3466 440 3545 quasi
467 3467 672 3532 unius
702 3471 962 3554 pulchri
990 3476 1293 3560 corporis
1317 3476 1686 3556 videantur,
1710 3495 1929 3559 neque
1974 3492 2187 3553 rerum
2240 3469 2465 3534 delec-

262 3566 358 3627 tus
382 3564 549 3633 liber
577 3577 704 3648 est,
733 3593 946 3658 neque
992 3578 1177 3640 omni
1198 3578 1551 3643 verborum
1579 3581 1666 3642 -et
1703 3576 2167 3641 sententiarum
2210 3591 2466 3658 pompa
2584 3613 2587 3615 v
2623 3634 2631 3642 .

260 3661 358 3731 ille
388 3670 610 3735 ‘ardor
654 3676 941 3741 excitari
998 3684 1243 3762 potest,
1276 3701 1411 3765 quo
1462 3681 1657 3745 liberi
1704 3678 1972 3761 ingenii,
2022 3693 2340 3741 sensuum
2395 3679 2465 3741 et

263 3767 608 3856 imaginum
634 3779 918 3844 veritate
945 3782 1238 3861 accensi,
1269 3782 1478 3848 foetus
1504 3783 1996 3865 agnoscuntur:
2040 3778 2181 3843 noli
2213 3777 2464 3856 r'nirari,

269 3873 433 3952 quod
457 3876 529 3939 in
557 3878 893 3962 prioribus
926 3883 1432 3950 declamatorem
1462 3889 1716 3951 tanturn
1758 3884 2004 3951 sentias
2042 3881 2311 3966 poetico
2356 3890 2465 3945 or·

264 3965 410 4040 natu
433 3977 868 4063 incedentem,
900 3991 1097 4071 teque
1124 3988 1341 4073 ipsum
1372 3990 1442 4054 in
1486 3995 1679 4056 tanto
1726 3989 1889 4055 artis
1931 3989 2261 4070 apparatu
2300 3978 2463 4047 nihil

269 4088 673 4151 commotum.
765 4079 1169 4174 Nuptiarum
1201 4094 1523 4177 cogitatio
1556 4095 1829 4179 copiam
1855 4110 2070 4157 rerum
2109 4092 2175 4153 et
2222 4086 2458 4190 imagi-

268 4185 406 4246 n'um
448 4192 884 4255 venustarum
929 4191 1155 4275 po'etae
1196 4198 1400 4262 menti
1447 4198 1807 4281 suggessit,
1862 4212 2031 4280 quas
2086 4189 2463 4258 inventione

270 4276 597 4364 ingeniosa
643 4292 748 4359 ita
779 4297 1151 4383 conjunxit,
1180 4304 1275 4386 ut'
1299 4301 1587 4369 naturali
1611 4300 1881 4392 vinculo
1920 4298 2091 4363 intei-
2134 4298 2209 4362 se
2238 4291 2461 4363 cohae-
