2925 4928
904 461 951 508 D
966 461 1002 508 Β
1051 458 1290 507 nmmo
1337 457 1785 507 albuni-1100.

249 624 615 690 Pensabam
648 621 968 688 Pharium
998 621 1286 686 Gaetulis
1315 621 1646 684 messibus
1675 617 1937 685 annum.

245 726 618 811 Frugiferas
645 732 896 794 certare
933 733 1134 804 rateS,
1161 725 1422 809 lateque
1450 719 1754 788 videbam

241 830 503 915 Punica
536 826 828 893 Niliacis
858 847 1244 892 concurrere
1273 827 1558 891 carbasa
1583 828 1771 892 velis,

241 932 411 998 Cum
445 933 650 997 subiit
676 951 800 1016 par
829 930 1050 996 Roma
1079 927 1261 1007 mihi,
1295 928 1644 1012 divisaque
1674 930 1907 993 sumsit

239 1037 566 1120 AEquales
594 1034 857 1101 Aurora
888 1041 1120 1116 togas:
1163 1033 1489 1117 AEgyptia
1518 1052 1669 1096 rura

236 1137 315 1202 In
345 1146 608 1221 partem
641 1157 901 1203 cessere
937 1141 1199 1201 novam.
1289 1134 1466 1217 Spes
1495 1135 1695 1198 unica
1726 1135 1923 1198 nobis

238 1239 570 1307 Restabat
600 1242 840 1325 Libye,
870 1259 1021 1324 quse
1047 1239 1170 1304 vix
1200 1257 1505 1321 oegreque
1533 1236 1809 1302 fovebat

232 1413 418 1459 mnan
441 1408 732 1473 AEgyptium
755 1406 985 1470 frugibus
1006 1405 1189 1469 Libyoe.
1261 1405 1521 1454 Cernebam
1542 1405 1748 1469 undique
1784 1419 1924 1455 naves
1948 1402 2299 1465 frumentarias
2332 1419 2438 1460 con-

230 1475 438 1535 tendere,
478 1478 526 1523 et
560 1489 700 1523 naves
735 1472 1151 1534 Carthaginienses
1180 1471 1436 1532 accelerare
1469 1486 1572 1519 cum
1592 1471 1786 1520 navibus
1808 1471 2071 1536 AEgyptiis.
2140 1473 2264 1520 Cum
2287 1470 2440 1520 Roma

228 1540 377 1589 altera
397 1539 600 1603 oequalis
618 1539 740 1588 milti
760 1545 926 1589 exorta
946 1543 1033 1597 est,
1054 1541 1100 1586 et
1122 1536 1292 1584 Oriens
1305 1541 1551 1600 separatus
1571 1536 1695 1600 cepit
1713 1541 1852 1599 togas
1870 1536 2072 1586 similes.-
2090 1535 2204 1598 agri
2217 1533 2441 1600 AEgyptii

218 1602 442 1662 fecerunt
460 1608 652 1669 partem
673 1618 852 1653 novam.
915 1602 1071 1666 Libya
1091 1616 1196 1664 spes
1230 1616 1325 1650 una
1358 1606 1600 1664 supererat
1640 1600 1789 1667 nobis,
1820 1617 1924 1665 quae
1958 1616 2043 1652 nos
2075 1600 2231 1652 alebat
2266 1614 2439 1662 magna

1158 1747 1396 1768 „0005”
1402 1748 1518 1768 ‘m

232 1883 307 1933 pr.
327 1867 531 1917 Μαῖαν.
555 1881 716 1930 marg.
733 1866 920 1931 Isingr.
945 1866 1178 1917 Pharium
1205 1868 1281 1915 vel
1301 1868 1504 1930 parilem
1526 1867 1650 1918 Put.
1670 1868 1794 1917 Vat.
1819 1865 1989 1917 Livin.
2011 1865 2243 1915 Pharium
2264 1877 2436 1914 annum

230 1935 306 1983 vel
333 1933 568 1982 Phariam
588 1934 747 1982 alnum
769 1931 954 1981 Petav.
977 1946 1058 1995 pr.
1090 1931 1297 1981 Pharum
1320 1933 1402 1982 ed.
1424 1932 1596 1982 Vicet.
1612 1932 1842 1986 mensibus
1864 1932 2095 1981 Floreat.
2111 1930 2230 1979 Pet.
2255 1928 2438 1978 Petav.

229 2002 468 2049 sem—58
506 1996 875 2059 Fmgt'serasque
915 2001 1045 2045 rates
1083 1998 1178 2045 late
1219 2002 1400 2047 certare
1424 1997 1545 2048 Put.
1579 2004 1777 2048 certasse
1798 1999 1952 2047 Farn.
1993 1997 2187 2046 Moret.
2220 2009 2323 2043 sec.
2348 1993 2435 2043 ed.

228 2064 401 2113 Parm.
417 2070 477 2112 et
492 2063 668 2112 Vicet.
682 2062 806 2111 vices
818 2062 901 2111 vel
918 2067 1046 2111 rates
1067 2063 1325 2112 Low—69
1341 2078 1583 2112 occurrere
1608 2064 1799 2113 Mazar.
1817 2063 2007 2112 Moret.
2031 2075 2135 2110 sec.
2148 2059 2434 2111 venutisPut.

224 2134 350 2179 —60
374 2129 539 2185 Quum
560 2128 707 2177 subiit
727 2127 918 2176 Moret.
936 2142 1040 2175 sec.
1060 2128 1184 2177 Var.
1215 2128 1320 2177 LL.
1344 2128 1428 2177 ed.
1457 2127 1615 2178 Antv.
1648 2127 1780 2178 subit
1800 2128 1950 2178 Fam.
1987 2126 2140 2175 subito
2161 2123 2436 2175 duodecim

226 2195 325 2245 alii.
359 2195 485 2243 'Pam
505 2193 662 2242 subito
685 2192 804 2242 Pat.
840 2192 1080 2255 divisaque
1099 2192 1218 2244 Ald.
1240 2194 1515 2257 diversaque
1534 2195 1654 2244 Vat.
1672 2208 1781 2243 sec.
1807 2192 1922 2242 Pal.
1943 2191 2088 2242 Med.
2114 2203 2219 2241 see.
2238 2190 2439 2240 Thuan.

224 2274 347 2310 nnus
366 2259 555 2309 Heins.
586 2259 777 2308 Moret.
800 2263 1030 2308 sem—61
1065 2263 1175 2307 tum
1211 2258 1325 2308 Pal.
1345 2259 1464 2319 jura
1496 2259 1640 2309 Med.
1676 2274 1753 2323 pr.
1777 2257 1954 2309 Ambr.
1976 2272 2079 2310 sec.
2102 2271 2232 2307 unus
2257 2255 2438 2306 Heius.

258 2324 305 2374 ui
329 2325 428 2375 hoc
453 2324 663 2388 probat,
685 2329 741 2373 et
756 2324 1069 2387 ascripserat
1096 2339 1165 2374 vs.
1186 2328 1301 2374 454.
1334 2323 1471 2373 infra
1491 2325 1608 2389 ‘jus
1632 2325 1873 2387 Latium,’
1889 2328 1985 2373 διο.
2007 2323 2132 2373 item
2154 2323 2361 2386 vopisc.
2384 2324 2437 2373 in

275 2391 401 2441 robo
427 2404 479 2453 p.
493 2393 607 2440 239.
639 2391 654 2418 ‘
680 2388 889 2453 Copton
912 2396 967 2439 et
988 2388 1373 2439 Ptolemaidem
1414 2391 1647 2440 Romano
1659 2390 1768 2454 juri
1789 2389 2156 2439 addidit.’-—62
2178 2401 2309 2439 novoe
2333 2399 2437 2441 tres

224 2455 369 2507 Vatt.
394 2454 499 2505 duo
522 2455 694 2506 Oxon.
716 2454 931 2505 totidem
953 2453 1098 2505 Med.
1122 2462 1178 2506 et
1199 2454 1384 2506 Petav.
1419 2455 1568 2506 Leid.
1595 2471 1672 2522 pr.
1695 2457 1826 2520 Reg.
1846 2456 2046 2507 Thusn.
2079 2455 2277 2507 Bonon.
2317 2456 2438 2507 Pat.

228 2522 420 2572 Mazar.
445 2521 546 2572 inc.
562 2520 1043 2585 Heins.Moret.pr.
1066 2528 1120 2570 et
1143 2534 1249 2572 sec.
1272 2536 1387 2570 cum
1409 2523 1579 2583 glossa
1601 2525 1636 2572 ι’.
1660 2537 1701 2571 e.
1725 2522 1909 2571 Romoe.
1929 2522 2059 2572 Exc.
2075 2521 2294 2572 Gevart.
2312 2522 2438 2572 item

229 2587 353 2638 Cod.
377 2587 563 2638 Rhem.
588 2602 754 2636 novam
771 2586 873 2637 duo
887 2586 1034 2636 Vatt.
1055 2585 1168 2635 Pal.
1189 2587 1329 2636 Prie.
1348 2586 1532 2638 Petav.
1556 2601 1660 2638 sec.
1682 2602 1749 2637 m.
1767 2602 1872 2636 see.
1892 2586 1973 2634 ed.
1991 2585 2165 2636 Parm.
2200 2602 2331 2636 θωνα.»
2352 2582 2436 2636 vel
2511 2594 2516 2599 ’

228 2667 390 2702 mem
413 2654 538 2703 Put.
565 2652 716 2702 Nothi
751 2654 903 2702 Fam.
924 2653 1065 2700 sotim
1095 2653 1257 2700 mundi
1278 2652 1425 2701 Med.
1449 2658 1625 2702 tert.-
1639 2656 1703 2701 68
1726 2651 1893 2717 Libya·
1913 2652 2038 2701 Vat.
2061 2666 2167 2701 sec.
2190 2652 2341 2715 Libye
2363 2653 2437 2700 vi·

231 2718 359 2781 giuti
386 2717 555 2769 Codd.
575 2718 699 2768 item
723 2715 1051 2775 Ald.sovebut
1073 2717 1202 2766 Exc.
1226 2717 1376 2766 Laeti.
1400 2716 1602 2777 favebat
1621 2719 1746 2767 Lov.
1769 2715 1963 2776 serebat
1983 2716 2129 2767 Med·
2153 2724 2323 2782 quart.
2347 2716 2435 2767 ed.

1235 2831 1446 2883 No'rAE

286 2943 351 2989 67
391 2938 627 2989 Phariam
660 2938 856 3003 annum]
911 2936 1180 2988 Annonam
1206 2954 1294 2989 an·
1373 2939 1506 2988 rium
1530 2938 1781 3004 Orientis,
1816 2937 2033 2990 divisum
2057 2954 2117 2991 ac
2136 2944 2434 3004 separatum

229 3015 802 3081 uuam,ubertatemque
818 3014 1132 3080 AEgyptiam.
1157 3015 1293 3065 Pha·
1373 3017 1439 3066 ab
1456 3016 1686 3082 Imperio
1709 3018 1963 3081 Romano,
1985 3017 2124 3084 quod
2145 3025 2229 3068 est
2251 3018 2306 3067 in
2325 3018 2432 3068 Oc·

229 3108 308 3142 ros
345 3093 469 3143 olim
514 3093 684 3142 insula
712 3092 940 3157 AEgypfi,
982 3107 1014 3141 a
1049 3091 1170 3142 Nilo
1207 3091 1294 3142 de·
1374 3092 1607 3158 cidente,
1639 3094 1821 3145 sumsit
1856 3096 1872 3124 ‘
1899 3095 2124 3160 oequales
2170 3093 2355 3159 togas,'
2375 3092 2430 3147 id

228 3176 456 3232 structs;
494 3169 615 3220 inde
638 3168 890 3233 AEgyptus
912 3169 1101 3220 dicitur
1122 3169 1292 3220 Terra
1373 3177 1473 3234 est,
1495 3172 1712 3237 aequalia
1750 3171 1962 3236 Imperii
1985 3179 2041 3222 et
2075 3171 2240 3235 gentis
2274 3171 2430 3236 insig-

229 3247 431 3298 Pharia.
503 3246 663 3297 ovid.
705 3246 721 3274 ‘
768 3245 1038 3296 Fluctibus
1081 3247 1290 3297 ambitae
1369 3246 1473 3298 nia.
1539 3248 1705 3299 Porro
1726 3249 1923 3300 carbasa
1945 3250 2131 3300 Punica
2151 3248 2293 3299 dicte
2309 3255 2432 3300 sunt

227 3322 432 3374 fueraut
455 3322 692 3386 Antissa,
718 3322 1036 3389 Pharosque,
1056 3323 1126 3374 Et
1140 3322 1292 3374 Phoe·
1370 3339 1402 3373 a
1425 3323 1711 3386 Phoenicia,
1734 3341 1850 3392 quae
1874 3340 1993 3390 pars
2017 3332 2096 3376 est
2118 3324 2274 3385 Asiae,
2288 3323 2428 3391 quod

225 3402 353 3452 nisse
364 3402 554 3467 Tyros,
572 3416 789 3467 quarum
809 3415 945 3451 nunc
966 3401 1129 3451 insula
1149 3402 1290 3452 nulla

229 3477 341 3528 est!
540 3518 543 3523 .

287 3554 518 3618 Getulis]
552 3554 785 3605 Gaetulia
805 3569 927 3620 pars
964 3561 1045 3606 est
1065 3555 1244 3622 Libyae
1269 3573 1283 3606 ε

225 3633 429 3696 ponitur.
479 3647 576 3698 pro
629 3633 748 3697 ipsa
792 3632 981 3698 Libya,
1026 3648 1145 3698 pars
1189 3648 1285 3698 pro

228 3716 349 3762 toto.

282 3792 347 3838 59
384 3787 574 3838 Punica
593 3786 812 3851 carbasa]
851 3785 914 3836 ld
937 3793 1039 3851 est,
1061 3788 1174 3837 vela
1194 3802 1287 3837 seu

221 3880 368 3916 naves
404 3864 878 3929 Carthaginienses,
922 3878 1015 3913 seu
1046 3863 1287 3929 Libycas,

222 3957 329 3991 cnm
370 3943 521 4004 velis,
560 3957 652 3992 seu
686 3941 900 3990 navibus
921 3939 1196 4005 AEgyptiis,
1216 3940 1284 3991 ad

220 4015 682 4071 afferendummihi
705 4015 1020 4067 frumentum
1044 4017 1283 4067 certatim

222 4095 534 4147 contendere
572 4103 735 4159 atque
777 4109 1087 4144 concurrere
1144 4093 1283 4144 vide—

222 4168 494 4236 bsm„cum
533 4176 719 4221 exorta
743 4177 825 4221 est
847 4170 1285 4236 Constantinopo-

224 4247 296 4308 lis,
331 4265 448 4314 quoe
495 4255 578 4299 est
620 4249 790 4297 altera
832 4249 1027 4310 Roma,
1061 4247 1287 4313 mihique

223 4325 420 4391 similis3
455 4334 514 4378 et
552 4341 674 4377 cum
715 4324 939 4391 Aurora,
976 4320 1072 4376 seu
1112 4324 1286 4393 Impe-

1367 3401 1548 3465 populi
1599 3402 1778 3467 Libyae
1854 3409 1910 3452 et
1964 3402 2293 3467 Carthaginis
2358 3415 2426 3452 ex

1365 3479 1638 3529 Phoenicia
1657 3479 1992 3529 advenerant.
2052 3480 2167 3530 Nee
2189 3479 2428 3529 omitten-

1367 3556 1489 3604 dum
1513 3561 1614 3619 est,
1633 3556 1938 3606 translatum
1980 3555 2031 3604 in
2070 3554 2247 3605 urbem
2291 3555 2426 3605 Con·

1366 3632 1754 3696 stantinopolim
1778 3631 2078 3695 Imperium,
2118 3646 2268 3682 omen
2303 3631 2428 3680 mul·

1366 3709 1434 3758 tis
1459 3709 1622 3760 visum
1644 3723 1759 3758 esse
1783 3708 1998 3772 Imperii
2013 3708 2233 3759 Romani
2250 3708 2425 3757 laban-

1366 3787 1431 3837 tis
1456 3793 1614 3851 atque
1637 3785 1920 3836 morientis.

1431 3869 1498 3914 62
1535 3864 1725 3913 Cessere
1737 3862 1929 3926 novam]
1963 3864 2216 3928 AEgyptus
2240 3879 2272 3912 a
2293 3877 2427 3912 novo

1365 3941 1571 3991 domino
1594 3946 1846 4004 occupata
1875 3947 1976 4001 est,
2012 3940 2215 3991 scilicet
2244 3940 2309 3990 ab
2331 3940 2427 3990 Ar·

1364 4017 1513 4067 cadio
1535 4017 1857 4081 Imperatore
1879 4016 2135 4067 Orientis.

1427 4096 1493 4142 63
1526 4092 1699 4158 Libye]
1767 4092 1868 4144 Vel
1910 4092 2080 4157 Libya.
2136 4092 2271 4143 Haec
2314 4092 2424 4142 sola

1363 4170 1512 4220 nobis
1552 4170 1802 4233 restabat,
1853 4184 2072 4236 spesque
2113 4177 2229 4220 erut
2272 4168 2424 4220 unica

1364 4246 1612 4297 frumenti
1634 4246 1941 4312 advehendi,
1962 4248 2006 4299 si
2024 4246 2220 4299 Auster
2242 4260 2422 4298 secuu-

1366 4323 1461 4375 dus
1482 4322 1699 4376 afflaret.
