2925 4928
1232 899 1418 979 XV.

747 1224 1017 1317 CL.
1080 1226 1848 1339 CLAUDIAM
1900 1359 1910 1368 .

1265 1487 1368 1539 DE

252 1695 954 1814 BELLO
1114 1642 2381 1817 GILDONICO

1116 2015 1484 2092 LIBER·

950 2454 1674 2511 ARGUMENTUM.

271 2611 469 2662 Poura
493 2612 699 2662 exultat
715 2611 782 2663 ob
805 2613 1104 2663 restitutam
1126 2627 1157 2663 a
1187 2613 1473 2664 Stilichone
1495 2616 1729 2681 Libyam.
1794 2619 1898 2668 Rea
1929 2626 2183 2669 narratur.
2249 2620 2439 2671 Roma,

215 2695 491 2745 macilenta
509 2695 745 2760 queritur
780 2694 916 2759 apud
940 2696 1141 2760 Jovem,
1180 2694 1318 2761 quod
1352 2697 1476 2746 olim
1506 2711 1677 2748 rerum
1702 2697 1926 2762 domina,
1953 2699 2019 2749 ob
2040 2700 2296 2750 ademtam
2318 2701 2416 2751 sibi

216 2791 246 2825 a
290 2776 513 2828 Gildone
551 2777 789 2842 Libyam,
815 2792 951 2842 pane
990 2777 1237 2842 indigeat.
1301 2777 1500 2844 Diique
1537 2781 1773 2846 Deaeque
1807 2786 2095 2831 moventur.
2159 2779 2325 2831 Adest
2360 2788 2439 2848 et*

214 2854 393 2908 Africa
423 2860 641 2924 querula
663 2865 721 2909 et
746 2858 1030 2924 praeferens
1052 2866 1323 2924 serpentes
1347 2876 1466 2911 suos
1485 2860 1704 2912 Gildoni
1721 2867 1959 2927 tyranno,
1985 2861 2195 2923 latroni,
2214 2860 2418 2926 impuro
2441 2897 2446 2905 ‹

215 2947 266 2990 et
304 2938 557 2990 venefico.
639 2940 852 3003 Jupiter
895 2947 1063 2991 motus
1097 2940 1356 3006 promittit
1398 2940 1676 2992 Gildonem
1714 2941 1780 2992 ab
1825 2942 2061 2993 Honorio
2099 2941 2295 2992 victum
2335 2941 2418 2994 iri.

213 3019 352 3071 Hinc
369 3021 472 3072 duo
493 3020 764 3072 Theodosii
787 3020 932 3071 Avus
953 3028 1011 3071 et
1028 3021 1190 3071 Pater
1209 3026 1414 3086 petunt,
1427 3021 1514 3071 hic
1536 3022 2054 3087 Constantinopolim,
2075 3022 2164 3072 ille
2179 3020 2383 3073 Italiam
2400 3039 2417 3073 ε
2437 3050 2440 3053 ι

214 3101 362 3152 ambo
384 3102 717 3154 detestantur
750 3102 1045 3152 inimicitias
1064 3099 1345 3166 fraternas,
1367 3101 1744 3169 perfidiamque
1767 3104 2039 3166 Gildonis3
2073 3109 2130 3154 et
2145 3103 2422 3154 hortantur
2443 3131 2448 3135 ·

211 3182 403 3234 fratres
438 3182 721 3234 Arcadium
744 3190 799 3233 et
820 3184 1109 3252 Honorium
1145 3183 1212 3234 ad
1244 3185 1588 3236 concordiam.
1654 3185 1787 3236 Post
1823 3185 2086 3236 Honorius
2119 3185 2271 3237 ardet
2310 3184 2422 3234 vin-

214 3278 352 3326 cere,
373 3265 467 3315 sed
502 3265 568 3316 ab
590 3265 689 3315 hoc
725 3265 880 3324 bello,
902 3272 964 3315 ut
1000 3265 1234 3331 indigno,
1276 3267 1412 3317 hunc
1456 3267 1691 3316 deterret
1722 3266 1953 3332 Stilicho,
1983 3266 2069 3333 qui
2107 3280 2169 3317 eo
2207 3266 2446 3331 auspice-

215 3352 398 3412 armat‚
414 3356 471 3398 et
493 3347 678 3398 statuit
701 3353 883 3412 petere
905 3345 1556 3413 Africam‚,Gildonemque
1579 3348 1805 3400 vincere.

1134 3490 1492 3512 Ommomb

275 3576 437 3627 Hunc
470 3575 661 3626 librum
684 3575 910 3625 nonnulli
934 3574 1101 3627 Codd.
1136 3572 1427 3624 inscribunt
1458 3576 1654 3628 tertium
1672 3574 1725 3624 in
1749 3574 1991 3641 Mum.
2045 3572 2245 3624 recenti
2267 3586 2446 3625 manua

210 3642 436 3707 scriptus
460 3648 578 3691 erat
597 3640 648 3691 in
666 3640 856 3691 Petav.
879 3656 957 3704 pr.
1024 3641 1088 3690 In
1110 3640 1307 3689 Moret.
1348 3653 1427 3704 pr.
1451 3640 1644 3704 legitur
1679 3646 1801 3704 post
1839 3638 2222 3703 Panegyricum
2255 3638 2419 3688 Theo-

212 3708 340 3757 doro
360 3705 579 3757 dictum.
644 3707 708 3758 In
727 3707 924 3756 Moret.
964 3720 1070 3754 sec.
1114 3711 1171 3754 et
1191 3705 1323 3754 Exc.
1362 3704 1579 3755 Gevart.
1614 3705 1840 3754 secundo
1879 3705 1995 3753 loco
2028 3704 2235 3767 legitur·
2300 3704 2419 3753 Flo-

214 3772 445 3823 rentinus
462 3772 644 3823 Codex
666 3771 923 3834 inscribit,
952 3772 969 3799 ‘
992 3771 1075 3820 De
1108 3770 1350 3820 Victoria
1383 3770 1646 3820 stiliconis
1683 3776 1739 3820 et
1773 3769 1998 3819 Honorii
2034 3775 2213 3819 contra
2235 3767 2419 3819 Gildo·

212 3836 365 3890 nem?
394 3847 403 3853 ·
430 3838 718 3888 Vaticanus
756 3842 969 3903 quartus
1005 3834 1331 3902 simpliciter,
1366 3835 1447 3887 De
1483 3836 1688 3886 Gildone
1723 3835 1823 3886 aive
1855 3835 1998 3885 Bello
2017 3833 2130 3896 qiu-5.
2163 3834 2287 3885 Vat.
2312 3847 2446 3886 see..

1207 3962 1424 4015 NOTAE
1458 3974 1470 3982 ·

313 4082 393 4133 De
444 4082 587 4132 Bello
654 4078 931 4143 Gitana-ico]
995 4078 1117 4129 Hoc
1170 4077 1278 4128 bel-
1356 4083 1447 4128 ant
1465 4076 1664 4130 Africae
1705 4092 1942 4144 magnam
1979 4083 2180 4142 partem
2224 4075 2444 4126 inme-⁴

211 4162 317 4211 lum
375 4164 676 4227 susceptum
741 4163 827 4208 est
872 4163 1054 4206 eontra
1091 4153 1277 4206 Gildo·
1356 4162 1456 4206 rat.
1521 4155 1622 4206 Ille
1643 4163 1818 4206 autem
1850 4154 2028 4219 Gildo,
2048 4152 2297 4218 auspiciis
2310 4152 2423 4203 Ho-

213 4251 350 4302 ηοω,
387 4236 477 4303 qni
528 4241 735 4285 mortuo
777 4233 1087 4294 Theodosio,
1135 4230 1281 4280 mini·
1358 4230 1510 4295 norii,
1533 4247 1565 4281 a
1599 4231 1883 4283 Stilichone
1912 4231 2152 4282 devictu·
2191 4235 2289 4293 est,
2321 4228 2423 4279 sie-

212 4330 351 4365 mam
385 4328 533 4379 apem
581 4313 638 4362 in
677 4311 908 4378 parvulis
944 4309 1172 4362 Arcadio
1222 4313 1281 4360 et
1358 4323 1461 4375 que
1496 4309 1726 4376 Imperio
1777 4310 2011 4363 Romano
2045 4306 2292 4360 restituta
2339 4309 2450 4365 αἱς

214 4391 452 4446 Honorio
501 4388 620 4442 fore
674 4389 974 4456 arbitratus,
1023 4387 1277 4455 Africam,
1358 4385 1564 4439 Africa.
