2925 4928
459 403 597 471 166

458 563 645 646 Quid
675 548 1199 664 consangugpffis
1225 565 1430 642 acieS,
1456 567 1616 650 qnid
1650 566 1898 632 dividis
1929 567 2091 633 olim

463 644 1200 752 Concordesaquii‘as'l
1245 689 1377 732 non
1410 670 1845 733 dissociabile
1877 690 2149 755 corpuS,

463 753 1039 858 Conjunctum'flue
1073 792 1330 837 sumus,
1421 773 1548 851 Te,
1580 793 1715 857 quo
1744 775 1906 837 libet
1934 776 2051 853 ire,
2085 790 2461 858 sequemur.

459 875 562 940 Te
592 854 1176 959 velssflyperboreo
1209 875 1583 939 damnatam
1613 876 1830 940 sidere
1862 876 2150 954 Thulen,

461 977 566 1042 Te
595 957 704 1042 vel
733 978 821 1042 ad
854 981 1160 1042 incensas
1189 978 1430 1060 Libyae
1461 977 1838 1042 comitabor
1870 999 2130 1045 arenas,

461 1079 780 1146 Indorum
810 1082 869 1145 si
899 1088 1142 1163 stagna
1170 1089 1383 1165 petaS,
1415 1081 1727 1163 rubrique
1757 1101 2069 1147 recessus

462 1183 812 1266 AEquoris,
843 1184 1198 1249 auriferum
1227 1185 1488 1249 veniam
1519 1192 1799 1266 poturus
1830 1183 2244 1268 Hydaspen:

465 1287 541 1352 Si
564 1288 825 1351 calcare
856 1289 1133 1366 Notum,
1161 1295 1555 1370 secretaque
1582 1287 1807 1351 littora
1842 1286 1986 1350 Nili

1138 464 1186 502 lu*
1214 420 1329 469 CL.
1378 417 1805 470 CLAUDIAM
1855 422 1952 468 Vs

2542 872 2674 938 240

461 1470 586 1521 citas
603 1477 842 1536 cognatos,
865 1489 1007 1536 quare
1029 1488 1239 1537 separas
1266 1474 1465 1537 Aquilas
1488 1477 1719 1538 quondam
1736 1470 1950 1524 amicas?
1985 1473 2156 1524 Sumus
2172 1488 2328 1523 unum
2350 1489 2516 1538 eorpus
2531 1473 2682 1524 simul

451 1535 688 1599 junctum,
723 1553 816 1586 non
849 1539 1122 1602 separabile.
1188 1539 1491 1588 See-labimur
1524 1541 1603 1601 Te,
1637 1556 1667 1589 o
1702 1541 1941 1601 Stilicho,
1962 1555 2240 1603 quocumque
2259 1542 2430 1603 placet.
2498 1539 2684 1604 Sequar

470 1603 553 1664 Te,
575 1617 606 1651 o
630 1604 861 1664 Stilicho,
882 1609 967 1652 aut
988 1607 1052 1653 ad
1078 1606 1255 1653 Thulen
1270 1608 1576 1655 constrictam
1593 1607 1750 1667 glacie
1772 1608 1967 1654 Boreali
1985 1623 2002 1655 .-
2035 1620 2220 1669 sequar
2240 1613 2306 1663 te,
2323 1610 2407 1654 aut
2425 1607 2491 1653 ad
2511 1621 2685 1654 arenas

465 1668 686 1717 ardentes
705 1668 902 1732 Libyae:
934 1670 977 1717 si
998 1685 1077 1718 eas
1097 1671 1147 1718 in
1177 1672 1412 1720 Oceanum
1442 1672 1617 1733 Indice,
1650 1676 1692 1719 et
1717 1672 1847 1736 fines
1867 1677 2068 1720 remotos
2097 1673 2242 1719 maris
2266 1671 2510 1727 Orientis,-
2542 1672 2684 1719 adoe-

463 1731 596 1782 niam
634 1732 866 1784 bibiturus
899 1736 1159 1800 deaspen
1191 1751 1398 1786 auream.
1468 1735 1527 1785 Si
1559 1739 1756 1801 imperes
1794 1751 1874 1786 me
1910 1742 2150 1800 proterere
2187 1737 2435 1798 Austrum,
2470 1741 2518 1784 et
2553 1736 2685 1800 ripas

1401 1862 1727 1885 “O‘CO-VOCO'&

467 1963 599 2016 Exc.
622 1965 757 2016 Laeti
775 1973 830 2017 et
851 1969 1070 2019 Luc'ens.
1095 1984 1198 2020 sec.
1246 1971 1425 2021 dividet
1445 1972 1566 2021 Vat.
1592 1971 1755 2036 quint.
1780 1972 1907 2022 Lov.
1938 1970 2114 2020 dividit
2137 1969 2217 2017 vel
2240 1968 2415 2018 dividis
2436 1973 2544 2017 tres
2560 1967 2687 2017 Vat.

469 2032 645 2081 dividit
681 2033 864 2094 viginti
899 2036 1004 2097 alii,
1026 2038 1149 2084 Var.
1176 2038 1279 2086 LL.
1300 2037 1381 2086 ed.
1401 2037 1563 2087 AntV.
1582 2044 1637 2087 et
1653 2038 2094 2091 ed.-Vicet.—239
2130 2036 2523 2096 Convinctumque
2558 2033 2693 2083 Exc.

465 2097 618 2146 Laeu.
641 2098 979 2162 Conjunctique
998 2102 1120 2150 Vat.
1146 2103 1308 2166 quint.
1324 2119 1412 2165 quo
1431 2105 1625 2151 Thnan.
1648 2118 1739 2165 quo
1764 2102 1845 2151 vel
1859 2117 1951 2165 qua
1975 2103 2101 2164 Reg.
2124 2099 2325 2163 qualibet
2344 2099 2433 2148 alii
2457 2097 2693 2161 triginta,

465 2160 596 2212 Exc.
616 2164 736 2211 Pat.
755 2178 858 2213 rec.
884 2166 1104 2214 LucenS.
1131 2182 1208 2227 pr.
1236 2167 1356 2216 Ald.
1382 2175 1436 2216 et
1457 2169 1582 2216 Var.
1609 2169 1711 2216 LL‘J
1735 2168 1820 2216 ed.
1844 2167 2001 2216 Antv.
2025 2181 2266 2229 sequemur
2289 2164 2417 2213 Exc.
2443 2161 2597 2224 Laeti,
2621 2177 2693 2212 se-

467 2243 665 2290 quamur
679 2227 808 2291 Reg.
829 2231 972 2279 Rott.
997 2232 1190 2281 Mazar.
1215 2233 1397 2281 Petav.
1423 2248 1529 2283 sec.
1555 2232 1735 2282 Ambr.
1754 2240 1875 2282 tert.
1891 2234 2062 2281 Oxou.
2078 2246 2184 2280 sec.
2204 2245 2271 2279 m.
2292 2244 2370 2293 pr.
2391 2230 2517 2277 Exc.
2533 2229 2693 2277 Voss.

465 2293 807 2351 Vicet.—'-240
845 2296 1167 2358 Hyperborieo
1189 2313 1352 2363 marg.
1380 2299 1567 2349 Mor-in.
1623 2298 1977 2361 Hyperboreum
1998 2299 2122 2346 Var.
2147 2298 2249 2347 LL.
2275 2295 2358 2343 ed.
2374 2293 2534 2343 Antv.
2557 2295 2696 2343 dam·

466 2364 631 2409 nattam
651 2363 825 2411 Vicet.
885 2362 1061 2424 Thylen
1084 2363 1185 2411 duo
1230 2365 1410 2413 Ambr.
1430 2365 1581 2413 *Exc.
1614 2365 1764 2425 Laeti,
1811 2365 1956 2427 Tylen
1988 2363 2091 2411 duo
2117 2361 2265 2410 Leid.
2321 2359 2694 2409 Tilem*Moret'.

469 2438 574 2475 sec.
598 2426 702 2476 duo
722 2429 843 2477 Vat.
899 2427 1064 2477 Thilen
1084 2428 1184 2477 duo
1210 2429 1329 2478 Vat.
1377 2429 1540 2479 Oisel.
1581 2431 1706 2479 Lov.
1748 2430 1944 2494 Thylem
1984 2427 2212 2477 sedecim
2238 2426 2502 2476 alib—241
2540 2425 2592 2473 in
2615 2440 2697 2474 ac-

467 2505 630 2541 censas
648 2494 843 2542 Tliuan.
898 2493 951 2541 in
973 2494 1183 2542 incensas
1217 2496 1420 2545 Tholas
1447 2496 1597 2545 Leid.
1634 2510 1713 2558 pr.
1758 2511 1827 2544 m.
1850 2510 1954 2545 sec.
1998 2494 2276 2542 comitamur
2300 2494 2443 2541 Rott.
2481 2490 2695 2541 Prie.—

468 2559 567 2606 242
598 2563 770 2621 stagna
804 2559 886 2607 vel
946 2560 1085 2621 signa
1116 2561 1239 2609 Vat.
1284 2576 1366 2625 pr.
1420 2561 1560 2625 petis
1585 2561 1949 2610 Thoan—243
1981 2560 2184 2621 oequoris
2218 2557 2494 2607 Pulmanni
2517 2556 2695 2627 liber,

469 2636 626 2686 quem
648 2625 699 2672 in
733 2624 862 2672 edit.
887 2622 1046 2674 AntV.
1073 2624 1224 2673 litera
1247 2627 1290 2675 C
1314 2627 1366 2675 in
1390 2627 1617 2690 margine
1640 2632 1878 2674 notatum
1923 2625 2115 2673 Mor-eti
2140 2638 2254 2673 esse
2294 2622 2496 2687 putavit
2531 2621 2699 2671 Hein-

469 2688 595 2747 sius,
621 2690 710 2753 qui
734 2690 916 2738 eadem
941 2691 1094 2739 litera
1124 2691 1314 2741 Moret.
1339 2708 1420 2756 pr.
1457 2692 1836 2756 designaverat.
1887 2689 2121 2738 bibiturus
2142 2690 2262 2737 Pat.
2315 2689 2532 2751 Idaspem
2560 2688 2693 2737 Lov.

468 2753 734 2818 Hydaspen
768 2755 914 2803 Med.
943 2770 1020 2819 pr.
1078 2756 1356 2821 Hydaspem
1397 2758 1580 2821 viginti
1606 2757 1712 2819 alii,
1748 2758 1875 2806 Exc.
1908 2756 2128 2805 Lucens.
2154 2770 2233 2818 pr.
2258 2762 2313 2803 et
2336 2754 2420 2802 ed.
2446 2752 2696 2827 vicet.—

468 2822 569 2867 244
603 2818 785 2869 Notum
810 2821 892 2869 vel
915 2822 1063 2870 locum
1087 2821 1251 2870 Oisel.
1286 2838 1474 2872 noscere
1497 2838 1590 2886 pro
1612 2824 1756 2871 litora
1780 2822 1973 2870 Moret.
1996 2835 2101 2870 sec.
2134 2835 2249 2869 cum
2275 2821 2461 2882 glossa,
2482 2819 2627 2866 latura
2650 2832 2695 2866 s.

470 2883 600 2932 item
621 2885 746 2934 Vat.
767 2901 844 2948 pr.
866 2901 934 2934 m.
960 2901 1038 2949 pr.
1065 2886 1204 2934 unde
1230 2887 1475 2937 Heinsius
1512 2887 1811 2951 corrigebat
1836 2901 2038 2949 poscere,
2064 2893 2280 2950 propter
2306 2898 2481 2948 vocem
2505 2883 2696 2931 Litoris

472 2948 526 2997 in
572 2963 723 3000 versu
766 2950 960 3016 priore,
1002 2958 1062 3001 ut
1100 2952 1328 3018 videtur,
1371 2954 1493 3017 quia
1523 2954 1612 3002 has
1645 2968 1802 3003 voces
1843 2952 2003 3001 ducta
2041 2951 2227 3001 lineola
2269 2950 2696 3013 conjunxerat.—

1502 3065 1717 3117 NOTAE

454 3217 461 3222 «
539 3183 638 3229 237
676 3181 1081 3248 Consanguineas]
1135 3181 1242 3232 Cur
1277 3184 1542 3233 exercitus

474 3256 711 3307 Orientis
733 3266 788 3308 et
810 3258 1133 3324 Occidentis,
1158 3263 1371 3325 quorum
1391 3260 1544 3310 multi

472 3333 614 3385 inter
630 3349 685 3385 se
706 3336 936 3388 amicitia
953 3344 1009 3388 et
1029 3336 1283 3387 affinitate
1303 3337 1545 3401 conjunc-

473 3412 520 3461 ti
542 3419 711 3477 erant,
742 3430 834 3464 cur
865 3416 1072 3480 Aquilae
1109 3431 1203 3466 seu
1241 3415 1386 3479 signa
1422 3416 1546 3464 olim

476 3493 642 3540 amica
665 3496 1012 3556 separantur?

541 3572 640 3618 238
676 3570 1017 3635 Dissociabile]
1050 3571 1333 3622 Horatius:
1367 3571 1383 3598 ‘
1410 3568 1547 3620 Oce-

479 3659 578 3696 ano
597 3647 948 3698 dissociabili!

546 3722 749 3787 Corpus]
803 3725 988 3773 Sumus
1009 3738 1166 3774 unum
1188 3731 1245 3775 et
1275 3724 1415 3775 idem
1435 3738 1547 3774 cor-

453 3812 594 3863 ·puS‚
614 3805 674 3848 ut
691 3800 785 3853 sub
809 3800 918 3848 aliis
945 3800 1354 3864 Imperator-ibus
1381 3817 1396 3861 ;
1448 3801 1546 3850 hoc

479 3880 564 3925 est
585 3875 687 3924 duo
728 3877 990 3933 exercitus
1035 3875 1270 3926 Orientis
1311 3886 1366 3926 et
1388 3878 1548 3927 Occi-

480 3950 653 4000 dentis
694 3952 790 4002 sub
834 3954 983 4002 unius
1041 3960 1243 4003 tantum
1300 3955 1546 4019 auspiciis

478 4026 714 4091 pugnare
746 4031 944 4094 volunt,
964 4036 1020 4079 et
1041 4046 1073 4079 a
1095 4046 1152 4080 se
1184 4031 1407 4081 invicem
1444 4048 1549 4084 non

454 4107 730 4169 ‘separat-i,
764 4107 922 4173 idque
959 4108 1024 4158 ob
1060 4123 1289 4159 amorem
1324 4111 1548 4161 suumin

460 4180 835 4235 ¹Stilichonem.
890 4245 897 4251 ,

547 4261 647 4307 240
702 4259 1030 4326 Hyperboreo]
1130 4264 1339 4329 Frigore
1397 4266 1551 4317 vehe-

483 4334 665 4400 menti,
689 4336 827 4401 quod.
865 4337 1075 4391 videtur
1102 4354 1215 4393 esse
1247 4357 1408 4409 supra
1445 4342 1550 4393 Bo-

1624 3198 1786 3247 ream,
1823 3197 1926 3232 non
1958 3187 2133 3231 tamen
2160 3181 2314 3240 ultra,
2337 3177 2458 3244 quia
2494 3178 2697 3227 Boreas

1624 3260 1718 3311 flat
1753 3276 1784 3309 a
1807 3261 1936 3311 Polo
1965 3247 2189 3318 ,Arctico
2230 3263 2463 3306 extremo
2504 3254 2702 3333 Mundi

1624 3338 1747 3389 fine.

1669 3401 1670 3404 Ἴ
1692 3419 1985 3467 Damnatam
2012 3413 2213 3477 Thulen]
2259 3410 2607 3461 Constrictam
2632 3425 2696 3460 ac

1625 3495 1770 3545 velut
1807 3495 2102 3544 damnatam
2142 3491 2345 3555 glacie:
2405 3493 2517 3538 toto
2556 3487 2696 3537 enim

1624 3572 1861 3637 hyberno
1884 3578 2119 3635 tempore
2139 3569 2284 3618 aiunt
2305 3565 2376 3616 ibi
2397 3566 2573 3616 Solem
2592 3578 2696 3613 non

1627 3650 1811 3700 videri.
1895 3685 1898 3688 -

1691 3732 1785 3777 241
1824 3725 2014 3790 Libyoe]
2048 3722 2296 3788 Regionis
2321 3720 2570 3792 ardentiS,
2588 3734 2699 3770 are·

1627 3822 1785 3868 nosae,
1803 3812 1860 3856 et
1882 3804 2162 3854 siticulosae
2179 3803 2241 3864 in
2265 3800 2465 3850 Africa.

1692 3887 1789 3932 242
1826 3880 1983 3930 Rubri
2020 3878 2239 3943 ‹equora-1]
2288 3876 2455 3928 Rubri
2484 3890 2516 3924 a
2539 3875 2698 3925 radiis

1628 3959 1763 4009 Solis
1785 3956 2039 4009 Orientis.

1694 4039 1791 4085 243
1825 4032 2109 4098 Hydaspen]
2143 4030 2381 4082 Fluvium
2398 4028 2568 4079 aureis
2587 4042 2702 4079 are-

1629 4113 1709 4163 nis
1730 4112 1981 4176 insignem
2003 4111 2055 4159 in
2078 4109 2223 4159 Asia.
2344 4129 2348 4133 ·
2719 4123 2724 4128 ’

1695 4194 1792 4240 244
1829 4189 2026 4238 Calcare
2051 4184 2257 4248 Notum]
2292 4182 2511 4235 Calcare
2543 4181 2701 4247 Regi-

1631 4282 1757 4318 ones
1778 4267 1920 4318 Noto
1963 4280 2054 4334 seu
2085 4262 2275 4313 Austro
2296 4262 2582 4327 subjectns,
2604 4262 2704 4316 hoc

1633 4351 1731 4411 est,
1747 4344 1983 4409 regiones
2005 4340 2343 4393 Meridianas.
