2925 4928
902 412 990 461 m
1038 409 1396 461 aurnum
1444 410 1594 462 mna
1642 414 1727 463 11.
2273 396 2417 475 147

218 555 260 621 J
261 575 364 621 am
390 576 524 621 non
553 555 837 623 finitimo
865 558 1105 623 Martis
1133 558 1381 624 tei-fore
1403 560 1725 638 movetur,

220 658 343 723 Sed
369 663 653 745 ‘propius
682 664 899 726 lucere
923 663 1128 741 faceS‚
1157 671 1224 727 et
1251 682 1452 728 rauca
1482 680 1715 728 sonare

214 760 502 842 Cornua,
535 766 947 849 vibratisque
977 767 1113 849 peti
1143 766 1412 847 fastigia
1441 768 1590 831 telis

224 862 516 950 Aspicit.
610 869 707 932 Hi
742 869 926 952 vigili
954 888 1179 933 muros
1210 871 1491 934 statione
1522 870 1718 948 tueri,

218 966 310 1033 Hi
329 969 586 1054 junctis
615 977 972 1054 properant
999 978 1232 1054 portus
1261 973 1517 1037 munire
1548 974 1811 1040 carinis,
2326 970 2415 1038 60

218 1069 519 1137 Obsessa
547 1080 766 1145 tamen
792 1075 904 1138 ille
925 1063 1104 1139 ‘ferus
1133 1075 1396 1139 laetatur
1423 1076 1490 1139 in
1518 1077 1700 1153 urbe,
1961 1094 1968 1099 ·

214 1174 621 1259 Exultatque
650 1177 881 1256 mali53
929 1195 1338 1260 summaeque
1362 1197 1399 1239 e
1429 1177 1713 1241 culmine
1733 1177 1934 1242 turris

212 1279 435 1364 Impia
463 1281 671 1346 vicini
697 1280 902 1345 cernit
931 1280 1319 1363 spectacula
1348 1282 1597 1364 campi.

210 1381 487 1448 Vinctas
515 1383 610 1447 ire
635 1403 874 1448 nurus:
919 1384 1090 1447 hunc
1122 1403 1240 1466 per
1265 1382 1445 1447 vada
1475 1384 1789 1467 proxima
1817 1385 2022 1467 mergi

212 1483 649 1562 seminecem,
678 1488 849 1551 hunc
881 1488 1101 1551 subito
1129 1505 1519 1570 percussum
1547 1487 1812 1551 vulnere
1839 1486 2003 1566 labi,
2326 1486 2415 1554 65

211 1586 390 1652 Dum
417 1588 624 1671 fugit:
668 1585 839 1654 hunc
868 1590 1158 1653 animam
1185 1590 1393 1672 portis
1423 1587 1644 1653 efflare
1675 1591 1799 1653 sub
1829 1591 2038 1674 ipsis:

192 1685 355 1771 &Nec
389 1711 602 1756 canos
632 1692 949 1777 prodesse
980 1694 1142 1771 seni,
1170 1693 1492 1777 puerique
1520 1712 1752 1757 cruore

212 1822 538 1887 Chalcedonis,
545 1826 651 1888 jam
673 1827 799 1877 haud
817 1828 1080 1878 concutitur
1095 1829 1262 1877 timore
1280 1828 1432 1878 cicino
1452 1828 1579 1890 belli,
1599 1832 1651 1876 at
1670 1829 1798 1877 videt
1813 1827 2029 1892 proxime
2045 1829 2191 1876 toedas
2199 1824 2416 1891 fulgere,

190 1896 251 1959 set
271 1891 409 1940 tubas
428 1906 600 1940 raucas
618 1904 848 1952 resonare,
873 1898 917 1953 et
936 1892 1139 1943 culmina
1157 1895 1373 1943 turrium
1395 1894 1576 1957 percuti
1584 1893 1761 1955 ,iaculis
1782 1894 2022 1943 contortis.
2090 1892 2164 1941 Hi
2173 1893 2414 1953 festinant

193 1955 453 2014 “Mendes-e
490 1957 663 2006 moenia
685 1958 895 2007 excubiis
931 1958 1260 2021 vigilantibus,
1297 1959 1371 2007 illi
1408 1958 1709 2007 corroborare
1743 1964 1911 2021 portas
1941 1957 2137 2006 navibus
2172 1959 2415 2010 catenatis.

206 2023 430 2072 Attamen
450 2021 682 2071 barbarus
701 2024 783 2073 ille
816 2022 1032 2073 Rufinus
1052 2026 1228 2086 gaudet
1250 2025 1302 2072 in
1324 2023 1437 2072 urbe
1458 2029 1746 2087 oppugnata,
1784 2029 1829 2072 et
1852 2024 2115 2086 triumphat
2130 2024 2416 2072 calamitati-

207 2086 284 2136 bus
297 2103 318 2145 ,-
349 2092 401 2136 et
420 2102 485 2136 ex
507 2089 706 2137 culmine
725 2089 852 2139 arcis
873 2090 1121 2138 altissima»
1143 2088 1311 2151 aspicit
1331 2090 1593 2152 spectacula
1614 2088 1800 2148 nefaria
1821 2089 1929 2150 agri
1954 2088 2164 2153 finitimi
2180 2105 2196 2137 .-
2230 2089 2418 2152 aspicit

203 2167 345 2202 mus
364 2153 585 2201 incedere
605 2159 847 2202 catenatas
862 2171 882 2212 ,-
915 2155 1105 2217 aspicit
1127 2153 1246 2202 hune
1266 2154 1582 2203 semianimem
1602 2155 1842 2216 submergi
1863 2154 1915 2201 in
1936 2168 2080 2219 aquas
2098 2153 2379 2216 propinquas
2396 2171 2417 2213 ‚-

191 2217 354 2279 'illam,
373 2219 491 2266 dum
515 2217 707 2282 effingit,
727 2219 988 2282 appetitum
1015 2221 1160 2282 plaga
1181 2219 1424 2282 repentina
1446 2221 1720 2276 concidere,·
1751 2219 1873 2268 huuc
1891 2219 2082 2267 reddere
2104 2219 2309 2268 animam
2327 2218 2415 2268 sub

197 2283 348 2345 portis
366 2283 490 2346 ipsis
500 2299 522 2341 ,·
551 2299 695 2347 neque
714 2283 935 2333 canitiem
943 2286 1117 2346 Juvare
1136 2298 1266 2333 senes
1275 2300 1294 2342 ,·
1326 2289 1372 2332 et
1383 2284 1620 2346 granium
1636 2285 1804 2333 matris
1819 2283 1990 2346 repleri
2011 2282 2241 2345 sanguine
2261 2284 2419 2344 infan-

186 2346 282 2397 ta.
319 2348 570 2397 Gaudium
585 2348 826 2416 infinitum
845 2354 892 2399 et
905 2365 1026 2414 soepe
1027 2351 1164 2410 jocus
1177 2350 1323 2414 afficit
1341 2348 1616 2400 Rufinum:
1641 2364 1736 2398 una
1753 2347 1959 2398 tristitia
1975 2353 2125 2398 movet
2142 2348 2419 2413 hominem,

205 2495 518 2546 Calcedouias
536 2496 707 2547 Vicet.
731 2495 853 2548 Aid.
891 2497 1077 2560 Isingr.
1114 2497 1314 2547 aih—56
1347 2497 1525 2546 moveri
1562 2496 1874 2560 conjiciebat
1907 2494 2159 2545 Heinsius
2188 2509 2282 2559 pro
2320 2510 2415 2544 mo-

201 2566 491 2612 uban—57
524 2562 746 2625 proprias
767 2563 890 2612 Pat.
907 2564 1128 2625 proprius
1145 2564 1347 2613 Thalos.
1365 2562 1531 2625 pocius
1552 2562 1635 2610 vel
1651 2562 1844 2625 propius
1864 2562 1986 2610 Vat.
2012 2576 2091 2624 pr.
2118 2561 2311 2623 propius
2330 2561 2415 2609 vel

194 2625 392 2689 prqrias
416 2626 617 2675 Moret.
638 2642 715 2690 pr.
736 2630 819 2676 sed
835 2630 1031 2691 propius
1050 2628 1358 2687 sonarefaces
1381 2627 1531 2677 Leid.
1552 2642 1658 2676 sec.
1680 2641 1826 2675 rauca
1846 2641 2011 2676 sonore
2030 2640 2202 2674 cornua
2221 2625 2414 2677 Moret.

200 2695 446 2740 sem—59
479 2692 559 2739 hic
580 2691 699 2742 Vat.
720 2697 824 2741 sec.
848 2693 901 2740 hi
927 2693 1045 2743 Pat.
1066 2694 1276 2743 Tholos.
1299 2691 1486 2742 Ambr.
1509 2706 1614 2741 sec.
1641 2692 1763 2742 Put.
1784 2691 1884 2740 duo
1906 2691 2228 2741 Petam—60
2259 2705 2416 2742 muros

182 2770 295 2820 ‚pro
311 2760 484 2819 portus
504 2756 708 2806 Thuan.
728 2762 893 2820 portas
910 2758 1040 2808 Exc.
1056 2758 1208 2807 Voss.
1225 2772 1412 2807 murare
1435 2756 1585 2806 Leid.
1608 2771 1711 2806 sec.
1734 2758 1864 2805 Exc.
1885 2756 2101 2808 Gevart.
2123 2754 2302 2804 catenis
2323 2769 2415 2818 pro

201 2822 380 2870 cen-inis
417 2821 551 2881 legit
578 2821 840 2883 Heinsius,
869 2822 954 2887 qui
976 2822 1290 2886 ascripserat
1313 2824 1484 2872 iocum
1508 2820 1767 2872 Ammian.
1791 2821 1905 2871 Lib.
1924 2821 2083 2872 xxia.
2122 2835 2171 2883 p.
2193 2824 2307 2870 349.
2330 2819 2415 2870 ed.

184 2885 490 2943 ,Lindenbn
530 2886 624 2935 sub
657 2886 807 2935 finem
830 2906 842 2937 ε
881 2888 980 2936 alia
1004 2894 1175 2937 tamen
1200 2902 1353 2937 manu
1376 2893 1611 2936 notatum
1634 2894 1768 2950 erat,
1803 2888 1952 2936 male.-
1985 2887 2082 2935 vid.
2107 2886 2413 2935 Barth—61

182 2949 336 3012 ferox
359 2966 496 3000 unus
521 2951 835 3003 Heins.—62
865 2968 1140 3017 summaeqvoe
1152 2954 1277 3003 Vat.
1300 2967 1380 3016 pr.
1404 2952 1542 3017 quod
1565 2952 1747 3002 maluit
1770 2951 2036 3001 Heinsius.
2057 2965 2323 3014 summoque
2346 2951 2415 3000 al.

200 3017 276 3066 ita
321 3017 555 3068 Gesner.
600 3032 626 3066 e
666 3018 866 3067 culmine
908 3024 1017 3067 vet.
1059 3018 1191 3082 Gyr.
1231 3019 1357 3067 Vat.
1401 3018 1570 3068 Livin.
1609 3031 1674 3065 ex
1714 3016 1916 3067 culmine
1952 3018 2073 3065 Vat.
2118 3030 2200 3080 pr.
2246 3031 2276 3064 a
2319 3017 2416 3064 cul-

200 3082 325 3131 mine
381 3089 493 3131 tres
542 3083 662 3131 Vat.
725 3083 836 3133 Pal.
868 3084 1042 3142 AEarn.
1087 3083 1230 3132 Prie.
1290 3084 1438 3132 Rott.
1490 3081 1657 3132 oisei.
1716 3082 1846 3132 Exc.
1895 3082 2175 3132 Loeti.—63
2219 3086 2414 3142 spectat

199 3146 416 3196 Thalos.
466 3147 658 3199 Petav.
706 3162 785 3210 pr.
834 3146 950 3197 eod.
995 3148 1145 3197 Deir.
1191 3148 1454 3201 certamina
1498 3147 1613 3196 Pal.
1663 3146 1818 3196 Farn.
1861 3147 2006 3197 Pric.
2050 3147 2197 3195 Rott.
2241 3146 2407 3195 Oisel.

202 3211 332 3262 Exc.
355 3211 517 3261 Laeti.
540 3212 800 3261 certamina
819 3214 901 3261 vei
922 3214 1186 3275 spectacula
1199 3214 1324 3261 Vat.
1342 3226 1448 3261 sec.
1473 3212 1599 3261 Put.
1623 3217 1800 3274 spectat
1818 3211 2080 3260 certamina
2095 3211 2218 3261 Vat.
2240 3217 2411 3275 quart.

184 3282 258 3328 ,et
277 3276 450 3341 quint.
475 3290 642 3339 marg.
665 3278 859 3326 Morin.
896 3279 1162 3339 spectacula
1182 3279 1308 3327 Vat.
1344 3277 1512 3325 Livin.
1551 3278 1681 3325 Exc.
1708 3278 1931 3326 Lucens.
1967 3290 2074 3326 sec.
2094 3274 2413 3338 lainga-64

202 3340 354 3390 victas
374 3342 450 3390 ire
472 3356 642 3390 manus
667 3341 828 3392 Oisel.
854 3342 1049 3401 junctas
1071 3344 1150 3391 vel
1175 3342 1357 3391 aindas
1379 3341 1507 3391 Put.
1545 3343 1696 3391 victas
1732 3340 1877 3394 Med.
1940 3345 2074 3392 iiart.
2109 3338 2295 3389 Ambr.
2331 3354 2410 3401 pr.

189 3405 352 3464 Leia.
377 3419 489 3455 sec.
515 3407 649 3455 Exc.
673 3407 892 3456 chart.
915 3407 1096 3455 vinctas
1117 3408 1289 3457 Oxou.
1329 3421 1433 3459 sec.
1469 3419 1634 3454 manas
1668 3405 1771 3455 duo
1806 3407 1896 3455 Me
1938 3440 1951 3456 .
1974 3405 2078 3453 duo
2103 3406 2287 3454 PetaV.
2309 3405 2413 3452 Bo-

186 3484 322 3527 ⁴non.
342 3471 556 3520 Thalos.
578 3472 780 3520 Mazar.
806 3471 924 3522 Pat.
945 3470 1128 3521 Ambr.
1154 3478 1280 3521 tert.
1303 3469 1426 3521 Ald.
1465 3479 1520 3520 et
1552 3472 1680 3521 Exc.
1714 3471 1916 3524 Schott.
1939 3471 2103 3522 domus
2126 3467 2305 3518 Ambr.
2330 3483 2409 3530 pr.

203 3535 393 3586 Sched.
417 3535 565 3585 Gud.
605 3551 756 3584 nurus
791 3537 873 3585 vel
911 3550 1077 3585 manus
1112 3538 1234 3586 Vat.
1274 3537 1440 3601 quint.
1484 3536 1713 3584 Florent.
1737 3536 1860 3584 Put.
1905 3535 2032 3583 Exc.
2057 3534 2209 3583 Laeti.
2232 3534 2415 3582 vinctas

206 3615 345 3650 nanas
367 3602 453 3649 vel
476 3600 632 3649 victas
653 3616 818 3650 manus
840 3601 1012 3652 Oxou.
1046 3616 1124 3662 pr.
1164 3602 1217 3650 in
1249 3603 1372 3650 uada
1413 3601 1674 3663 vet.,Gyr.
1711 3602 1838 3649 Exc.
1865 3601 2087 3649 Lucens.
2125 3612 2232 3647 sec.
2256 3600 2413 3647 cerula

210 3664 369 3716 Oisel.
392 3667 516 3714 Vat.
543 3680 623 3728 pr.
650 3671 708 3715 et
745 3679 846 3715 sec.
868 3681 992 3727 vaga
1016 3667 1138 3718 Vat.
1163 3666 1283 3716 duo.
1307 3667 1430 3718 vada
1465 3666 1550 3713 vel
1573 3680 1695 3727 vaga
1716 3665 1839 3714 Vat.
1863 3667 2070 3725 pru—65
2106 3662 2414 3724 Seminecem,

211 3729 333 3779 [ον.
350 3730 531 3780 Vicet.
558 3731 734 3779 Parm.
759 3729 879 3779 Ald.
913 3746 1181 3794 percussum
1204 3736 1309 3782 tres
1334 3731 1454 3779 Vat.
1481 3726 1596 3778 Pal.
1633 3731 1890 3794 perculsam
1916 3727 2062 3778 Med.
2087 3734 2209 3778 tert.
2231 3732 2416 3778 convul-

208 3808 303 3843 sum
325 3796 468 3844 Prie.
493 3809 525 3843 a
548 3810 616 3843 m.
642 3800 855 3858 pr.—66
892 3797 968 3845 Ιιὶι·
1005 3796 1149 3845 Med.
1224 3800 1359 3845 nart.
1393 3794 1578 3857 spirare
1601 3796 1833 3843 Florent.
1857 3795 2003 3843 Rott.
2040 3794 2237 3841 Tnuan.
2263 3794 2410 3842 Med.

213 3872 313 3908 sec.
336 3860 481 3909 Leid.
505 3871 612 3908 sec.
632 3861 761 3910 Exc.
784 3860 1003 3910 Gevart.
1026 3867 1081 3909 et
1104 3862 1178 3911 Co
1220 3896 1232 3910 .
1252 3860 1433 3909 Rh‘em.
1454 3860 1539 3910 ed.
1566 3860 1736 3909 Parm.
1757 3860 1939 3923 spirare
1960 3858 2041 3907 vei
2065 3860 2220 3924 efflare
2239 3858 2412 3908 Oxon.

193 3938 289 3988 -pn
307 3925 440 3976 Exc.
466 3925 623 3974 Laeti.
644 3925 803 3990 efflare
822 3926 1032 3978 animam
1065 3939 1132 3978 ex
1155 3926 1432 3988 Capitolio.
1456 3940 1509 3989 p.
1534 3928 1616 3975 34.
1643 3924 1679 3974 l.
1703 3929 1785 3976 23.
1809 3924 1996 3988 probat
2020 3924 2412 3973 HeinsiuS.--6'7

1199 4005 1422 4056 NOTAE

214 4085 500 4149 nutantium,
562 4102 591 4134 e
634 4086 846 4153 regione
892 4088 1134 4158 Byzantii
1175 4102 1269 4137 seu
1341 4086 1544 4150 junctis
1561 4101 1621 4135 ac
1640 4085 1896 4136 catenatis
1913 4086 2149 4148 navibus,
2169 4099 2236 4134 ne
2252 4083 2412 4133 hostis

196 4162 700 4228 econstantinopolis.
1348 4164 1560 4227 propius
1581 4162 1817 4213 accedat.

277 4245 338 4292 57
356 4241 543 4305 Faces]
563 4242 752 4294 Taedas
768 4241 1011 4290 ardentes
1027 4235 1268 4316 hostium.
1411 4243 1477 4288 63
1511 4238 1809 4303 Spectacula]
1833 4237 2039 4302 Aspicit
2051 4237 2287 4287 nimirum
2301 4235 2412 4285 cer-

280 4319 342 4366 60
377 4318 552 4370 Portus
607 4318 792 4367 munire
847 4315 1047 4380 carinis]
1108 4316 1273 4371 Simul
1349 4317 1542 4367 tamina
1576 4317 1755 4382 impia,
1792 4321 1848 4366 et
1886 4315 2028 4366 maia
2062 4313 2247 4379 omnia,
2291 4326 2418 4378 quae,
