2925 4928
777 415 856 463 ιΝ
908 414 957 463 1.
1006 412 1217 464 coNs.
1261 413 1592 464 sumen.
1639 412 1787 465 mn.
1836 414 1888 463 1.
2307 397 2451 464 ³77*

253 561 525 640 Gaudia,
559 560 1277 644 successusquenovis
1305 561 1733 625 successibus
1759 565 2007 645 urgent.

252 665 573 734 Connubii
600 662 883 727 necdum
912 663 1190 727 festivos
1219 662 1404 745 regia
1433 657 1671 729 can‘ms

249 770 561 854 Sopierat,
591 766 838 832 cecinit
866 767 1019 830 fuso
1050 766 1344 832 Gildone
1372 767 1772 851 triumphoS‚

248 873 326 938 Et
353 871 585 937 calidis
612 868 885 934 thalami
913 870 1235 933 successit
1259 869 1487 934 laurea
1514 872 1751 934 sertis:
2398 872 2445 937 5

247 977 544 1041 Sumeret
572 979 646 1039 ut
672 972 922 1056 pariter
951 970 1273 1055 Princeps
1295 990 1664 1056 nomenque
1691 973 1937 1053 mariti,

246 1079 668 1161 Victorisque
699 1077 928 1141 decus,
1015 1075 1259 1158 Libyae
1282 1081 1442 1158 post
1473 1076 1709 1158 praelia
1734 1078 1981 1142 crimen

248 1179 537 1246 Concidit
567 1178 821 1243 Eoum:
867 1195 1253 1262 rursusque,
1280 1176 1552 1241 Oriente
1583 1179 1886 1257 subacto,

244 1426 566 1491 prosperitates
570 1426 962 1490 prosperitatibus
973 1426 1251 1477 recentibus.
1271 1426 1398 1478 Aula
1411 1428 1609 1478 vixdum
1622 1433 1953 1492 compresserat
1968 1436 2215 1482 concentus
2231 1433 2443 1486 solennes

245 1492 458 1555 conjugii,
478 1507 594 1542 cum
617 1495 827 1542 cantavit
845 1493 1070 1542 victorias
1088 1493 1292 1543 Gildone
1308 1495 1477 1555 deleto,
1497 1498 1545 1542 et
1565 1495 1728 1543 laurus
1744 1496 2086 1560 eoecepitflores
2101 1501 2309 1561 tepentes
2328 1497 2441 1548 lecti

247 1557 501 1633 nuptialis,
523 1563 579 1605 ut
603 1557 869 1621 Imperator
890 1558 1123 1621 acciperet
1138 1558 1278 1607 simul
1298 1563 1345 1607 et
1368 1574 1534 1608 nomen
1557 1560 1733 1622 sponsi,
1748 1565 1795 1608 et
1809 1561 2025 1610 honorem
2046 1561 2254 1612 victoris.
2319 1563 2441 1612 Post

245 1621 490 1672 certamina
517 1622 695 1687 Libya,
715 1624 861 1672 scelus
894 1623 1108 1673 Orientis
1144 1623 1406 1673 extinctum
1434 1629 1525 1688 est,
1545 1629 1593 1673 et
1624 1624 1817 1689 iterum,
1843 1626 2042 1676 Oriente
2059 1632 2293 1692 superato,
2314 1630 2439 1678 Con-

1154 1819 1513 1843 &ceunomo

244 1949 460 2000 exhibet.
513 1946 695 2015 Incipit
728 1950 876 2001 Liber
907 1951 962 2002 V.
1008 1954 1070 2002 de
1107 1954 1367 2003 Consulatu
1398 1952 1664 2002 stiliconis.
1698 1952 1845 2003 Rott.
1884 1956 1940 2003 et
1971 1951 2160 2003 Petav.
2182 1967 2290 2004 sec.
2312 1952 2439 2005 item

245 2015 368 2065 Exc.
406 2016 628 2066 Lucens.
665 2030 769 2067 sec.
805 2018 883 2066 De
907 2019 1164 2067 Consulatu
1199 2018 1448 2068 Stiliconis
1480 2018 1571 2068 hos
1607 2018 1765 2067 libros
1804 2017 2112 2069 inscribunt.
2151 2019 2204 2067 in
2226 2018 2439 2069 Schedis

243 2079 377 2130 Gud.
398 2080 649 2142 scriptum
687 2081 979 2146 legebatur,
1015 2085 1096 2131 Ad
1123 2083 1208 2132 hoc
1247 2089 1293 2133 et
1330 2099 1432 2147 quoe
1470 2099 1532 2132 ex
1554 2083 1717 2132 ordine
1739 2082 2080 2145 Isingiinionoe
2102 2083 2441 2133 Editioniue-

243 2150 440 2207 quuntur
461 2145 717 2195 Po'e'mutia
736 2146 935 2210 reliqua,
951 2149 1190 2197 sciendum
1209 2154 1300 2211 est,
1330 2151 1516 2198 notulas
1547 2148 1608 2197 ab
1625 2149 1723 2198 aliu
1745 2150 1945 2212 quadum
1964 2153 2014 2199 et
2027 2151 2170 2213 paulo
2187 2149 2446 2200 recentiore

244 2225 375 2259 nonu
393 2211 623 2274 ascriptos
640 2225 758 2272 esse,
778 2216 823 2260 et
846 2212 1000 2261 nescio
1017 2227 1079 2261 an
1101 2214 1246 2262 etium
1267 2229 1328 2264 ex
1347 2215 1440 2264 alio
1464 2214 1653 2262 Codice.

306 2279 330 2324 1
369 2276 666 2327 conturbant
700 2277 781 2325 vel
825 2277 1112 2327 Continuant
1149 2279 1296 2328 Med.
1332 2285 1458 2329 tert.
1460 2283 1559 2327 —2
1591 2292 1731 2327 novos
1760 2277 1875 2326 Pal.
1899 2277 2054 2329 Farn.
2077 2277 2274 2328 Thoan.
2297 2278 2446 2329 Med.

243 2353 314 2402 pr.
361 2346 537 2400 augent
574 2356 751 2391 omnes
787 2342 933 2392 Vatt.
975 2342 1091 2391 Pal.
1135 2343 1289 2393 Farn.
1329 2342 1473 2393 Pric.
1515 2343 2222 2393 Rott.oise1.Exc.Laeti.
2269 2349 2445 2406 urgent

244 2404 437 2455 Titulos.
461 2405 646 2456 Ambr.
673 2421 753 2470 pr.
805 2412 982 2470 augent
1012 2409 1096 2456 vel
1129 2413 1299 2470 urgent
1333 2407 1481 2459 Leid.
1506 2423 1584 2473 pr.
1587 2412 1684 2457 —3
1722 2407 1920 2457 Conubii
1942 2410 2072 2458 Exc.
2095 2408 2315 2457 LucenS.
2340 2421 2445 2459 sec.

247 2471 657 2534 cmfiugiiomnes
681 2474 800 2522 Vnt.
826 2472 939 2522 Pal.
963 2472 1115 2521 Farn.
1149 2475 1293 2524 Prie.
1319 2476 1467 2525 Rott.
1491 2475 1656 2528 Oisel.
1684 2475 1810 2523 Exc.
1834 2474 1988 2524 Laeti.
2019 2475 2223 2523 nondum
2243 2475 2444 2523 Mazar-

205 2599 208 2600 γ
245 2536 424 2590 Ρεῑαν.
443 2552 525 2600 pr.
553 2536 696 2587 Med.
735 2544 791 2587 et
828 2539 1022 2587 Moret.
1046 2552 1151 2588 sec.
1181 2541 1306 2588 Vnt.
1342 2547 1470 2589 tert.
1514 2541 1706 2587 necdum
1744 2539 1871 2588 Exc.
1908 2539 2060 2588 Laeti.
2095 2537 2303 2598 festinos
2324 2539 2445 2589 Pal.

244 2600 1773 2666 Put.Exc.Laeti,ed.Vicet.Var.LL.emarg.Par1n.
1822 2604 1958 2664 regio
1997 2603 2098 2651 duo
2136 2604 2283 2653 Vstt.
2324 2603 2444 2653 Pal.

246 2664 398 2715 Oisel.
426 2667 612 2729 gaudia
630 2667 857 2717 sedecim
881 2668 987 2728 alii,
1009 2668 1139 2719 Exc.
1163 2669 1314 2731 Leti,
1332 2669 1418 2719 ed.
1440 2669 1617 2717 Parm.
1651 2674 1708 2715 et
1738 2667 1912 2717 Vicet.
1936 2668 2067 2717 Exc.
2090 2667 2290 2717 Schott.
2312 2668 2446 2719 Vm

246 2730 345 2780 LL.
368 2731 449 2781 ed.
473 2731 637 2781 Antv.
686 2732 820 2795 reg-iu
856 2733 939 2781 vel
970 2734 1149 2794 gaudia
1187 2705 1314 2782 Vnt-³
1334 2735 1601 2798 quinte—4
1634 2731 1888 2795 Sopierunt
1907 2734 2029 2781 Vnt.
2051 2746 2154 2781 sec.
2176 2732 2296 2782 Pal.
2319 2731 2446 2784 Put.

243 2796 372 2859 Reg.
394 2798 594 2847 Mazar.
626 2797 748 2846 Pat.
786 2797 998 2847 Tholos.
1036 2799 1161 2846 Lov.
1203 2799 1399 2847 Moret.
1443 2813 1552 2847 sec.
1590 2805 1696 2846 tres
1729 2797 1911 2847 Ambr-
1952 2797 2055 2847 inc.
2096 2797 2278 2846 Heius.
2310 2798 2444 2849 Exc-

241 2861 369 2910 -Laeu
408 2870 464 2911 et
499 2862 721 2922 schotti,
738 2862 819 2916 ed.
856 2864 1029 2912 Pei-m.
1066 2870 1121 2911 et
1158 2864 1326 2913 Vicet.
1365 2863 1493 2912 item
1529 2864 1653 2912 Var.
1685 2863 1791 2911 LL.
1825 2862 1908 2913 ed
1938 2861 2100 2911 Antv.
2122 2861 2239 2921 fuso
2277 2862 2447 2913 cecinit

246 2926 431 2977 Mon-et.
454 2942 560 2977 sec.
593 2927 795 2977 cecidit
783 2942 885 2977 mc.
912 2928 1093 2977 Heius.
1124 2928 1385 2992 triumphos
1406 2929 1558 2977 Fui-n.
1582 2928 1725 2978 Prie.
1741 2928 1866 2979 Jun.
1888 2932 1946 2976 et
1970 2925 2117 2976 Leid.
2144 2941 2221 2990 pr.
2245 2928 2445 2978 Thunu-

244 2990 504 3055 triumphus
542 2992 833 3042 octodecim
878 2993 1042 3041 Codd.
1083 2993 1209 3042 Exc.
1245 2994 1380 3043 Laeti
1420 3000 1476 3042 et
1499 2994 1722 3042 Lucens.
1761 3007 1842 3055 pr.
1880 2993 1963 3041 ed.
2001 2993 2270 3042 Vicet.—6
2305 2992 2450 3043 calidi

246 3056 367 3105 Lov.
399 3057 545 3107 sertis
564 3058 645 3106 vel
665 3060 815 3107 sacris
836 3059 1023 3107 Petav.
1047 3063 1229 3120 pr.—6
1259 3058 1477 3107 Sumeret
1497 3063 1545 3107 et
1565 3058 1773 3107 Tholos.
1808 3057 2040 3121 Princeps
2055 3058 2240 3120 puriter
2260 3056 2446 3107 Ambr.

245 3137 318 3185 pr.
349 3123 580 3185 triumphi
603 3136 697 3185 pro
719 3124 884 3173 mariti
907 3123 1052 3172 Med.
1074 3128 1294 3173 terti-*¹7
1327 3124 1507 3172 crimen
1536 3125 1620 3172 vel
1642 3124 1817 3172 crinem
1839 3122 2192 3186 Med-sprae-S
2228 3122 2454 3171 Condidit

246 3187 388 3239 Leid.
412 3203 494 3254 pr.
517 3204 588 3238 m.
615 3202 694 3254 pr.
719 3188 840 3240 Vat.
862 3202 964 3238 sec.
993 3202 1159 3237 rursus
1178 3189 1305 3237 Vat.
1344 3203 1427 3252 pr.
1471 3203 1723 3252 rursusque
1745 3195 1968 3254 quatuor
2003 3189 2149 3238 Vatt.
2172 3188 2285 3240 Pal.
2307 3188 2451 3238 Pric.

1207 3377 1210 3384 “
1241 3352 1454 3410 N'OTAE

306 3497 337 3543 2
377 3492 589 3556 Urgent]
637 3491 741 3540 Vix
757 3504 860 3539 una
889 3488 1107 3540 victoria
1129 3504 1305 3554 repor·
1449 3496 1480 3539 6
1519 3481 1702 3539 Calidis
1730 3484 1895 3553 sertis]
1952 3488 2116 3539 Sertis
2152 3486 2449 3539 recentibus

247 3575 353 3621 tatu
371 3578 473 3634 est,
494 3576 611 3620 cu'm
645 3568 745 3617 alia
772 3567 1029 3629 succedit,
1050 3567 1305 3631 aliamque
1385 3583 1453 3617 ex
1498 3567 1636 3616 omni
1681 3564 1868 3616 florum
1912 3581 2122 3630 genere,
2166 3580 2232 3615 ex
2277 3569 2449 3630 myrto

242 3645 563 3696 succedendo
588 3651 756 3708 urget.
1384 3645 1581 3694 Veneri
1601 3659 1767 3707 sacra,
1784 3658 1883 3708 qua
1904 3643 2027 3693 novi
2059 3642 2213 3707 nupti
2234 3656 2450 3692 corona·

307 3726 337 3772 ³
374 3721 634 3784 Connubii]
676 3721 898 3771 Honorii
919 3726 976 3769 et
995 3719 1182 3770 Muriae
1206 3720 1304 3769 Sti·
1382 3720 1592 3771 bantur.

245 3798 456 3850 lichenis
472 3799 629 3847 filiae:
684 3799 822 3863 quod
856 3798 1149 3861 conjugium
1172 3798 1306 3847 cele·
1450 3802 1482 3847 7
1520 3797 1714 3847 Crimen
1757 3796 1932 3860 Eoum]
1996 3795 2276 3859 Eutropius
2316 3807 2451 3845 anno

245 3875 449 3926 brutum
488 3883 572 3926 est
613 3889 748 3924 anno
788 3879 900 3925 398.
966 3875 1100 3923 Tum
1147 3874 1305 3923 Gildo
1388 3873 1628 3923 Gildonis
1665 3874 1863 3924 cladem
1899 3879 2149 3938 sequente
2189 3870 2452 3933 concidit3

245 3952 381 4004 fusus
404 3960 505 4004 est.
571 3953 854 4015 Eutropius
882 3966 1018 4001 anno
1056 3957 1307 4015 sequente
1388 3950 1691 4013 Eutropius,
1728 3950 1814 4015 qui
1878 3950 2090 3999 crimine
2142 3948 2455 4011 populorum

244 4030 510 4091 concidit3
544 4036 600 4080 et
622 4043 757 4078 anno
793 4033 908 4079 400.
942 4027 1155 4078 Stilicho
1176 4029 1310 4078 Con·
1388 4028 1623 4078 Orientis
1656 4027 1721 4077 ud
1763 4027 1951 4090 primos
1983 4027 2201 4075 honores
2236 4030 2454 4075 evectus
2554 4051 2555 4054 =

244 4107 322 4160 nul
341 4112 550 4156 creatus
576 4113 673 4156 est.
1385 4102 1577 4154 fuerat.

305 4189 338 4235 4
374 4183 587 4246 Cecinit]
620 4182 760 4233 Aula
781 4182 1054 4247 personuit
1072 4181 1308 4232 cantibus
1453 4185 1487 4229 8
1523 4180 1722 4229 Oriente
1739 4177 1950 4240 subacto]
2000 4176 2086 4227 Ob
2120 4175 2452 4240 Eutropium,

247 4260 453 4321 nostris,
496 4259 620 4308 dum
679 4259 986 4309 canebamus
1028 4259 1307 4310 Gildonem
1385 4257 1476 4322 qui
1497 4257 1701 4322 ejectus
1721 4263 1855 4321 erut,
1874 4256 2029 4305 immo
2045 4261 2102 4304 et
2120 4253 2342 4304 occisus.

249 4337 440 4388 victum
462 4337 518 4386 in
539 4337 723 4401 Libya.

375 4417 555 4486 Delph.
573 4424 622 4469 et
654 4418 771 4470 Var.
796 4418 926 4471 Clas.
1278 4413 1449 4466 Claud.
2201 4412 2235 4458 ²
2268 4409 2318 4459 Ο
