2925 4928
830 436 840 442 “
944 441 1041 491 nn
1088 440 1190 491 ιν.
1236 438 1778 489 consum-tou.
2321 417 2450 483 aa

252 587 468 667 Error,
498 591 567 653 et
593 586 921 671 ambiguae
949 584 1175 671 plaeet
1199 585 1568 668 ignorantia
1593 583 1812 649 matri.
2321 577 2451 644 210

254 690 535 756 Eurotas
577 690 881 775 proprios
912 689 1279 754 discernere
1307 689 1527 753 nescit
1556 689 1885 752 alumnoS.

255 793 347 858 Ut
374 793 615 858 domus
642 793 914 876 excepit
941 791 1242 868 reduceS,
1273 791 1365 854 ibi
1397 790 1561 854 talia
1586 795 1813 854 tecum

254 894 384 959 Pro
415 916 630 960 rerum
658 895 884 960 stabili
913 894 1122 959 fertur
1147 893 1399 958 ditione
1429 893 1735 957 locutus:

329 997 411 1062 Si
444 1000 566 1063 tibi
596 998 994 1063 Parthorum
1026 997 1264 1063 solium
1295 996 1591 1062 Fortuna
1620 994 1938 1072 dedisset,

258 1097 419 1164 Care
449 1121 637 1186 puer,
667 1103 986 1184 terrisque
1014 1101 1249 1184 procul
1287 1098 1702 1165 venerandus
1733 1096 1899 1162 Eois
2326 1093 2458 1158 215

259 1202 596 1268 Barbarus
626 1202 915 1268 Arsacio
947 1206 1371 1285 consurgeret
1399 1220 1513 1265 ore
1556 1201 1809 1282 tiaras3
2179 1206 2184 1213 ’
2249 1200 2252 1205 '

260 1302 599 1369 Sufficeret
627 1307 905 1370 sublime
934 1322 1160 1387 genus»,
1190 1304 1487 1386 luxuque
1521 1301 1829 1366 fluentem

263 1405 515 1470 Deside
543 1407 854 1472 nobilitas
884 1412 1111 1490 posset
1141 1412 1205 1471 te
1240 1407 1385 1470 sola
1412 1406 1603 1470 tueri.

260 1505 488 1572 Altera
516 1508 841 1575 Romanae
871 1509 1067 1592 longe
1094 1508 1454 1572 rectoribus
1484 1507 1660 1571 aulae
1849 1532 1876 1559 >

264 1609 610 1675 Conditio:
669 1612 906 1676 virtute
933 1611 1143 1690 decet,
1172 1631 1303 1676 non
1327 1610 1645 1692 sanguine
1675 1610 1817 1676 niti.
2332 1601 2463 1672 220

263 1792 358 1856 ipse
377 1794 584 1843 delectat
605 1796 789 1856 me,
811 1799 859 1843 et
880 1795 1071 1844 inscitia
1090 1801 1270 1846 recreat
1295 1797 1506 1844 Matrem
1526 1794 1732 1844 dubiam.
1765 1794 1975 1842 Eurotas
1993 1805 2086 1840 nou
2123 1793 2276 1852 potest
2296 1788 2465 1837 discri-

263 1857 441 1906 minare
455 1860 666 1907 alumnos
678 1873 805 1909 suos.
827 1859 1009 1908 Statim
1023 1867 1163 1924 atque
1176 1861 1306 1909 Aula
1319 1861 1498 1922 recepit
1510 1875 1601 1909 vos
1615 1861 1878 1918 redeuntes,
1895 1856 1963 1904 ibi
1972 1853 2287 1904 Theodosius
2302 1868 2467 1902 narra-
2513 1892 2516 1895 >

260 1925 340 1969 tur
353 1922 535 1973 dixisse
548 1923 647 1972 haec
661 1924 818 1973 verba
830 1929 1000 1984 tecum,
1018 1939 1048 1972 o
1072 1925 1289 1988 Honori,
1304 1924 1395 1988 pro
1406 1926 1690 1988 Principatu
1704 1922 1865 1972 muudi
1881 1919 2208 1986 confirmando.
2240 1918 2296 1967 Si
2301 1916 2467 1977 fatum

267 1988 561 2037 concessisset
583 1989 671 2036 tibi
699 1989 945 2050 imperium
967 1990 1269 2053 Parthorum,
1290 2005 1320 2038 o
1329 1990 1413 2056 fili
1435 1991 1624 2052 dilecte,
1644 1993 1691 2038 et
1713 1988 1863 2037 tiaras
1880 1985 2170 2034 Barbaria-us
2188 1983 2468 2032 reverendam

266 2051 395 2112 longe
411 2051 465 2100 iu
478 2052 753 2115 regionibus
765 2053 974 2103 Orientis
988 2055 1284 2103 attolleretur
1300 2056 1351 2103 in
1364 2055 1519 2118 capite
1539 2060 1620 2103 tuo
1629 2053 1856 2110 Arsacio3
1878 2051 2009 2112 origo
2023 2050 2202 2098 excelsa
2216 2047 2335 2097 satis
2349 2052 2468 2095 esset

266 2115 377 2179 tibi,
403 2121 551 2179 atque
590 2112 693 2167 una'
706 2118 909 2181 generis
931 2119 1124 2167 claritas
1160 2122 1333 2168 valeret
1359 2126 1408 2169 te
1440 2121 1672 2168 sustinere
1694 2120 1854 2168 etiam
1873 2117 2161 2181 ,diffluentem
2184 2114 2302 2161 lua-u
2318 2111 2467 2161 moui.

268 2179 426 2242 Longe
436 2183 537 2265 (εἶξα
549 2183 648 2231 sor's
664 2190 746 2233 est
758 2184 1115 2233 Moderatorum
1134 2185 1332 2248 Imperii
1349 2186 1552 2234 Romani
1561 2201 1578 2234 .-
1595 2183 1808 2233 convenit
1823 2185 2086 2231 sustentare
2100 2193 2150 2228 se
2164 2178 2358 2241 virtute,
2375 2191 2469 2225 nou

1192 2295 1250 2314 Ν
1255 2295 1277 2313 O
1283 2295 1547 2316 OOOOO‘OOO

269 2391 448 2441 PetaV.
487 2394 610 2442 tert.
633 2393 825 2456 populos
844 2394 972 2442 Var.
996 2393 1097 2441 LL.
1120 2391 1201 2440 ed.
1224 2390 1383 2442 Antv.
1421 2393 1722 2455 Eurotosque
1741 2406 1848 2440 suos
1867 2390 2015 2439 nescit
2035 2390 2150 2439 disc.
2174 2388 2369 2437 Moret.
2391 2400 2473 2447 pr.

265 2459 410 2506 nescit
423 2455 687 2507 discernere
710 2458 825 2508 Pal.
846 2458 991 2507 Med.
1014 2473 1093 2523 pr.
1113 2457 1261 2507 crevit
1286 2457 1430 2508 Rott.
1450 2457 1602 2507 emit
1637 2457 1805 2508 Codd.
1834 2457 1984 2506 Voss.
2005 2454 2147 2505 Leid.
2171 2451 2344 2503 Oxou.
2370 2451 2473 2501 Lo·

271 2535 383 2571 vau.
405 2530 462 2572 et
483 2523 724 2573 Pulman.
746 2525 879 2573 Exc.
904 2524 1119 2574 Gevart.
1135 2524 1258 2571 Var.
1294 2523 1395 2572 LL.
1416 2523 1500 2571 ed.
1514 2522 1675 2573 Antv.
1698 2538 1765 2572 m.
1799 2536 1878 2585 pr.
1903 2522 2048 2570 nescit
2071 2519 2155 2568 vel
2174 2517 2323 2566 cernit
2340 2517 2474 2579 Reg.

269 2586 502 2636 dinoscere
523 2588 879 2638 Mania-212
911 2589 1091 2650 accepit
1113 2587 1214 2637 duo
1235 2589 1359 2636 Vat.
1393 2587 1580 2637 Petav.
1618 2602 1693 2650 pr.
1731 2588 1857 2636 LoV.
1890 2587 2018 2637 Juu.
2055 2598 2134 2648 pr.
2158 2582 2347 2631 Moret.
2371 2594 2474 2630 sec.

269 2665 422 2700 secum
445 2651 612 2702 Oisel.
646 2652 792 2701 Med.
817 2666 920 2701 sec.
959 2654 1155 2702 Mazar.
1189 2667 1353 2715 marg.
1380 2652 1731 2715 lainga—213
1767 2651 1969 2701 statione
2000 2649 2146 2698 Prie.
2171 2647 2299 2695 Exc.
2320 2646 2474 2695 Voss.

271 2719 431 2767 —214
470 2716 661 2765 Natura
694 2718 815 2767 Put.
856 2717 972 2767 Pat.
1015 2732 1085 2765 m.
1129 2732 1206 2780 pr.
1241 2716 1420 2765 Ambr.
1465 2732 1544 2780 pr.
1585 2717 1776 2765 Moret.
1811 2730 1912 2765 see.
1956 2713 2139 2763 Sched.
2181 2710 2319 2761 Gud.
2342 2710 2474 2759 Exc.

269 2778 492 2843 schotti,
515 2781 568 2829 iu
594 2780 777 2846 quibus
800 2781 1090 2831 Gronovius
1127 2781 1389 2844 ascripsit,
1409 2782 1518 2832 vid.
1540 2780 1657 2829 infr.
1678 2796 1755 2830 vs.
1786 2784 1900 2830 380.
1936 2779 2152 2828 Fortuna
2174 2775 2258 2825 vel
2282 2776 2478 2826 Natura

273 2844 441 2895 Oxou.
480 2860 588 2895 see.
609 2847 662 2894 in
703 2846 1008 2910 quibusdam
1046 2847 1174 2895 Mss.
1197 2851 1391 2906 natura,
1416 2845 1511 2895 sed
1543 2851 1836 2895 correctum
1860 2843 2246 2904 fortuna—216
2277 2838 2481 2903 Assyrio·

274 2911 390 2959 Vat.
415 2924 498 2974 pr.
531 2912 687 2959 Fam.
709 2911 959 2960 Heinsius
982 2917 1255 2961 notaverat
1275 2912 1444 2960 locum
1467 2911 1718 2960 Prudent.
1759 2925 1814 2974 p.
1852 2912 1966 2958 25⁷.
1990 2907 2078 2956 ubi
2116 2921 2181 2956 ex
2206 2910 2310 2955 vet.
2344 2902 2480 2953 Cod.

274 2974 397 3024 Put.
421 2975 553 3039 legit
573 2977 764 3039 Assyrii
795 2977 950 3026 tiarae.
968 2976 1124 3038 vulgo
1145 2976 1219 3025 ibi
1256 2976 1467 3040 Assyrioe
1490 2975 1763 3025 edebatur.
1801 2990 1905 3023 cum
1938 2976 2151 3034 surgeret
2186 2971 2287 3018 duo
2327 2968 2475 3018 Med.

275 3040 395 3090 Put.
419 3041 617 3089 Mazar.
639 3042 762 3090 Var.
791 3042 896 3090 LL.
920 3040 1001 3089 ed.
1027 3040 1188 3092 Antv.
1210 3041 1317 3089 orbe
1340 3042 1443 3089 duo
1462 3042 1584 3090 Vat.
1607 3056 1687 3089 ore
1704 3040 1786 3088 vel
1809 3040 1917 3089 orbe
1933 3039 2249 3086 Fara—217
2267 3035 2481 3098 fluentes

275 3104 387 3155 Pal.
416 3105 565 3155 Med.
594 3120 670 3169 pr.
679 3106 865 3167 fluente
886 3106 988 3154 duo
1009 3105 1299 3155 Vna—218
1327 3105 1480 3168 possit
1514 3107 1643 3168 Reg.
1686 3105 1860 3155 Oxou.
1885 3105 2130 3168 pta—220
2167 3098 2388 3148 Conditio
2409 3102 2482 3147 est

276 3169 447 3219 Oxou.
467 3179 871 3233 semsequentes
891 3185 1013 3220 vero
1028 3184 1208 3219 versus
1229 3171 1354 3219 Vet.
1378 3169 1595 3234 Gyrald.
1612 3176 1667 3219 et
1685 3170 1776 3218 lib.
1798 3169 2017 3218 Luceus.
2052 3180 2155 3215 sec.
2177 3164 2274 3213 hoc
2297 3162 2478 3212 ordine

275 3234 551 3283 exhibent:
589 3235 604 3261 ‘
639 3235 792 3284 Hane
817 3242 988 3284 tamen
1009 3236 1142 3284 hand
1165 3235 1452 3299 quisquam,
1472 3235 1561 3298 qui
1595 3249 1699 3284 non
1729 3233 1997 3297 agnoverit
2033 3238 2156 3280 ante
2198 3230 2392 3290 Semet,
2422 3231 2480 3275 et

275 3298 500 3349 incertos
523 3298 679 3349 animi
700 3300 987 3364 placaverit
1004 3307 1184 3363 aestus,
1207 3300 1476 3349 Inveniet:
1497 3299 1661 3362 longis
1681 3299 1805 3348 illue
1829 3296 2126 3361 ambagibus
2140 3295 2264 3343 itur.
2308 3291 2481 3355 Major

1284 3421 1497 3471 NOTAE

338 3535 492 3583 Juvat
514 3535 670 3599 error]
700 3536 837 3585 Dum
864 3537 1082 3586 alterum
1099 3551 1193 3600 pro
1213 3536 1340 3586 alte·
1421 3541 1640 3598 rectum,
1656 3540 1713 3584 et
1731 3533 1874 3584 velut
1890 3544 2171 3593 consurgens
2189 3526 2484 3592 gestabant,

280 3625 334 3659 ro
350 3625 471 3661 esse
495 3619 698 3670 censet,
719 3613 898 3677 sicque
937 3620 1106 3677 errat,
1122 3611 1339 3663 fallitur.
1420 3611 1536 3660 aliis
1557 3610 1858 3673 depressum
1879 3606 2217 3672 gestantibus.
2285 3605 2355 3653 Et
2372 3610 2483 3653 tum

282 3685 426 3751 Virg.
463 3689 479 3714 ‘
517 3688 691 3751 proles
731 3686 1029 3737 Indiscreta
1067 3687 1190 3750 suis,
1230 3702 1344 3751 gra-
1423 3687 1731 3738 Parthorum
1753 3684 2035 3734 dominatio
2059 3684 2164 3732 iate
2189 3696 2285 3747 per
2298 3681 2485 3732 Orien-

286 3771 471 3830 tusque
497 3765 804 3829 parentibus
822 3765 1002 3815 error.'
1427 3770 1532 3813 tem
1556 3762 1790 3826 patebat.

339 3844 435 3890 211
456 3842 691 3906 Eurotas]
740 3842 951 3891 Fluvius
986 3842 1246 3905 Laeoniae,
1280 3841 1347 3890 ad
1493 3838 1691 3888 Arsacio
1733 3841 2031 3897 consurgeret
2067 3834 2167 3897 ore]
2200 3835 2486 3898 Consurge-

288 3931 436 3983 quem
454 3917 668 3966 educati
691 3917 878 3967 Castor
900 3924 955 3965 et
978 3919 1184 3968 Pollux.
1427 3922 1512 3966 ret
1533 3929 1690 3978 supra
1710 3929 1784 3973 οε,
1800 3914 1850 3961 iu
1874 3914 2047 3976 capite
2070 3911 2273 3961 scilicet
2283 3910 2486 3962 Princi-

341 3997 441 4046 214
464 3992 677 4056 Solium]
700 3992 984 4055 Imperium
1004 3993 1346 4045 Parthorum:
1429 3994 1512 4058 pis
1530 3993 1720 4043 Arsacii
1737 3992 1819 4042 vel
1835 3992 2096 4054 Arsacidas,
2113 4005 2145 4039 a
2160 3989 2324 4053 primo
2342 3990 2486 4053 Rege

286 4068 484 4134 signum
504 4084 600 4133 pro
631 4083 688 4118 re
706 4070 926 4134 signata,
950 4071 1347 4135 Metonymieo‘is.
1430 4071 1624 4121 Arsace.

349 4150 447 4199 216
480 4146 734 4197 Barbarus
773 4147 949 4210 tiaras]
1004 4148 1227 4199 Qualem
1266 4148 1349 4196 ha·
1494 4155 1589 4200 217
1634 4151 1865 4214 Luxuque
1889 4145 2145 4211 fluentem]
2197 4146 2348 4195 More
2383 4143 2485 4193 Re-

291 4222 414 4276 bcut
435 4222 692 4274 Barbari:
736 4222 906 4273 Tiaras
937 4231 1110 4274 autem
1146 4230 1226 4273 est
1248 4226 1350 4274 Re·
1428 4241 1551 4289 gum
1596 4226 1844 4288 Orientis,
1882 4224 1971 4288 qui
2008 4220 2266 4284 diffluunt,
2304 4234 2491 4272 consu·

296 4298 426 4363 giam
447 4300 638 4366 capitis
658 4299 880 4365 insigne,
902 4301 1040 4368 quod
1059 4301 1156 4352 soli
1176 4302 1349 4366 Reges
1426 4308 1742 4371 mutaturque
1757 4299 1971 4358 deliciis.
