2925 4928
975 907 2516 1029 TESTIMONIA

1166 1486 1377 1583 CL.
1466 1488 2320 1587 CLAUDIANO.

1476 1843 1996 1861 ῃ*-

1249 2139 1497 2209 Romae
1540 2140 1808 2208 Tabula
1846 2128 2247 2207 Marmorea.

640 2278 1011 2371 STATUA
1042 2302 1235 2367 basis
1282 2321 1677 2381 marmorea,
1738 2302 1809 2367 in
1864 2302 2010 2369 foro
2066 2303 2346 2389 Trajani
2403 2305 2576 2370 inter
2627 2305 2761 2371 ruit

643 2407 911 2487 effossa,
1001 2406 1370 2476 Claudiano
1446 2408 1578 2473 fuit
1646 2394 2345 2476 honorificentissima.
2465 2408 2691 2489 Hanc,

645 2511 976 2602 Clayerio‚
1066 2515 1086 2544 ‘
1133 2512 1557 2596 Pomponius
1630 2512 1885 2590 Laetus,
1964 2515 2096 2578 aevi
2171 2514 2277 2577 sui
2376 2511 2759 2592 Quintiliam

641 2614 941 2701 possedit
998 2620 1200 2699 atque
1271 2616 1343 2680 in
1407 2617 1654 2682 honore
1705 2615 1980 2682 habuit-³
2085 2616 2310 2701 Hujus
2352 2617 2483 2682 tale
2539 2616 2669 2683 fuit
2712 2619 2759 2683 e]

645 2724 867 2806 gium:
944 2727 965 2755 ‘
997 2722 1101 2788 cl.
1149 2721 1521 2789 Claudiano
1574 2722 1669 2788 V.
1701 2721 1788 2787 C.
1838 2722 2135 2788 Tribuno
2194 2728 2264 2787 et
2319 2721 2624 2800 Notario‚
2683 2722 2759 2785 im

644 2832 896 2892 ceteras
932 2828 1225 2909 ingentes
1268 2832 1440 2892 artes
1487 2826 2119 2911 praegloriosissimo
2150 2824 2534 2902 Poetarum,
2565 2825 2714 2889 licet

643 2930 1030 2994 memoriam
1052 2930 1517 3013 sempiternam
1539 2931 1832 2995 carmina
1854 2931 1943 2994 ab
1969 2928 2202 2994 eodem
2226 2928 2479 3010 scripta
2501 2926 2759 2992 sufficia]

646 3037 940 3096 attamen
995 3033 1352 3096 testimonii
1400 3034 1611 3115 gratia
1659 3033 1746 3096 ob
1789 3031 2035 3116 judicii
2084 3033 2189 3096 sui
2237 3030 2437 3095 fidem
2490 3032 2644 3097 DD.
2677 3031 2757 3096 NL

646 3131 982 3199 Arcadius
1009 3141 1075 3200 et
1098 3133 1468 3212 Honorius,
1487 3134 1858 3198 felicissimi
1890 3155 1970 3199 ac
2000 3134 2371 3199 doctissimi
2392 3133 2757 3219 Imperator«

647 3236 903 3302 Senatu
928 3242 1218 3320 petente,
1250 3241 1532 3302 staulam
1562 3236 1632 3299 in
1661 3236 1811 3301 foro
1843 3236 2004 3301 Divi
2044 3236 2319 3321 Trajani
2363 3237 2521 3321 erigi
2565 3238 2757 3302 colloc

645 3340 834 3424 rique
856 3327 1239 3424 jusserunt.³
1345 3338 1485 3403 Ubi
1514 3343 1582 3404 et
1609 3338 1735 3404 hoc
1768 3340 2151 3405 Distichum
2181 3338 2500 3405 Graecum
2524 3346 2757 3424 repertu

648 3450 790 3509 est:

998 3549 1104 3610 Εἲν
1133 3544 1205 3609 ἑνὶ
1238 3542 1555 3632 Βιργιλίοιο
1584 3542 1698 3608 νόον
1728 3543 1825 3607 καὶ
1857 3549 2078 3625 μοῦσαν
2106 3541 2377 3634 Ὁμῆςου,

1090 3648 1441 3713 Κλαυδιανόν
1468 3645 1659 3730 Ῥώμη
1691 3647 1795 3710 καὶ.
1818 3649 2083 3728 βασιλεῖς
2113 3645 2324 3712 ἔθεσαν.

656 3750 864 3830 Quod
915 3753 1014 3816 sic
1065 3752 1152 3816 ad
1201 3754 1478 3829 verbum
1522 3753 2072 3836 interpretamur:
2127 3749 2330 3816 Roma
2376 3762 2436 3817 et
2479 3749 2684 3839 RegeS,
2712 3775 2755 3819 s«

654 3854 1121 3938 ImperatoreS,
1157 3863 1500 3939 posuerunt
1535 3853 1979 3933 Claudianum,
2013 3875 2132 3921 seu
2165 3861 2455 3921 statuam
2490 3854 2755 3921 Claudiai

652 3956 957 4022 habentis
1016 3956 1083 4019 in
1151 3978 1224 4021 se
1293 3980 1416 4021 uno
1489 3956 1738 4044 Virgilii
1791 3968 2050 4022 mentem
2125 3967 2186 4021 et
2253 3956 2503 4022 Musam
2560 3957 2755 4023 Home]

655 4060 786 4125 hoc
845 4060 1203 4144 est,hujus
1261 4060 1764 4126 foecunditatem
1823 4070 1892 4126 et
1942 4062 2126 4127 illius
2183 4062 2528 4146 judicium.
2647 4062 2750 4142 Qu

656 4176 882 4235 autem
932 4169 1174 4254 majus,
1226 4187 1427 4252 quam
1486 4167 1557 4231 in
1606 4188 1742 4232 uno
1801 4174 1868 4233 et
1920 4169 2155 4233 eodem
2213 4167 2434 4232 Poeta
2484 4167 2753 4232 Claudia!

660 4290 1014 4356 agnoscere
1043 4270 1318 4355 Virgilii
1345 4269 1701 4357 judicium,
1726 4276 1794 4337 et
1822 4270 2094 4337 Musam
2124 4291 2241 4336 seu
2268 4271 2612 4337 ubertatem
2638 4275 2753 4357 atq1
