2925 4928
740 350 821 398 lN
872 348 1315 413 Euwnoprum
1346 349 1514 421 *qm-13.
1563 347 1643 403 11.
1690 316 2024 405 PRAEFAT.
2340 331 2485 421 {5¹3

265 494 734 576 ,Dissimulant
762 495 950 572 socii,
998 494 1455 585 conjuratique
1486 490 1843 572 recedunt;
2306 535 2312 541 «
2399 492 2486 567 15

368 597 830 663 Procumbunt
860 599 1113 684 pariter
1145 617 1298 663 cum
1331 599 1499 664 duce
1536 605 1674 662 tota
1698 601 1975 663 cohors:
2100 588 2101 591 ¹
2444 583 2451 592 ’

285 699 442 766 Νοιι
474 701 622 764 acie
652 701 836 778 victi,
866 720 994 763 non
1025 701 1376 764 obsidione
1406 703 1696 780 subacti,

371 803 482 868 Ne
513 809 789 887 pereant
814 805 962 878 ritu,
1011 824 1145 890 quo
1173 806 1429 886 periere
1458 805 1603 868 viri.

285 906 599 971 Concidit
629 910 891 989 exiguae
924 907 1254 971 dementia
1280 908 1547 970 vulnere
1576 907 1858 971 chartae:

321 1031 332 1087 ᾖ
370 1009 674 1074 Confecit
706 1030 964 1074 saevum
990 1011 1182 1095 litera
1211 1010 1454 1074 Martis
1488 1031 1681 1094 opus,
2399 1002 2485 1070 20

284 1110 519 1176 Mollis
548 1113 866 1177 foeminea
892 1114 1261 1177 detruditur
1291 1135 1441 1177 arce
1476 1122 1820 1198 tyrannuS,

366 1213 455 1278 Et
482 1214 766 1279 thalamo
793 1218 1026 1303 pulsus
1057 1217 1347 1298 perdidit
1377 1217 1751 1300 imperium.

280 1316 395 1381 Sic
414 1319 705 1402 JuveniS,
736 1327 1005 1385 nutante
1035 1320 1187 1397 fide,
1215 1321 1550 1404 veterique
1580 1323 1848 1385 reducta

271 1498 274 1501 A
364 1418 641 1513 Pelliee,
673 1421 970 1485 defletam
998 1424 1235 1506 linquit
1263 1424 1480 1486 amica
1510 1423 1795 1486 domum.

275 1587 447 1636 evomit
471 1586 654 1651 'pestem
684 1588 1018 1651 patr-effictum.
1089 1591 1295 1638 Comites
1316 1590 1429 1653 ejus
1455 1595 1677 1652 mussant,
1701 1594 1747 1638 et
1766 1590 2082 1653 conspirantes
2101 1591 2270 1639 abeunt
2292 1606 2306 1645 ,·
2339 1589 2486 1637 omnis

276 1658 467 1701 caterva
491 1655 839 1702 eunuchorum
865 1657 993 1703 cadit
1016 1656 1156 1704 simul
1191 1672 1293 1704 cum
1329 1659 1538 1703 ductore.
1611 1658 1718 1703 Non
1749 1660 1961 1718 superati
1986 1666 2104 1705 suut
2125 1656 2257 1714 bello,
2289 1672 2376 1702 non
2401 1672 2482 1702 uo-

251 1717 387 1787 ‘miti
409 1717 618 1777 obsidiis,
658 1735 717 1768 ne
740 1723 912 1768 cudant
950 1735 1011 1768 eo
1049 1737 1191 1780 more,
1228 1737 1315 1782 quo
1337 1722 1430 1768 viri
1469 1721 1748 1769 occiderunt.
1815 1723 2040 1769 Amentia
2065 1729 2173 1771 tota
2195 1722 2362 1768 cet-suit
2384 1722 2485 1768 ictu

271 1784 456 1846 papyri
471 1786 652 1831 tenuis.-
683 1785 878 1847 epistola
917 1786 1126 1847 implevit
1167 1785 1366 1834 laborem
1404 1787 1635 1833 crudelem
1680 1787 1872 1834 Martis.
1904 1787 2149 1849 Tyrannus
2169 1786 2483 1849 effleminutus

275 1849 557 1909 deturbatur
586 1863 649 1897 ex
680 1850 887 1912 fastigio
909 1851 1142 1911 muliebri,
1176 1857 1223 1899 et
1260 1852 1478 1912 expulsus
1499 1852 1616 1898 lecto
1637 1852 1796 1898 amisit
1816 1866 2031 1911 regnum.
2100 1852 2180 1898 Itu
2203 1852 2380 1898 ‹unasia
2403 1853 2484 1897 de-

276 1913 393 1961 serit
414 1914 601 1962 domum
640 1917 845 1978 tristem,
872 1916 1118 1980 fidelitate
1155 1916 1461 1964 adolescentis
1494 1916 1645 1965 amici
1663 1916 1926 1980 vacillante,
1950 1922 1996 1964 et
2018 1916 2269 1965 concubina
2292 1916 2488 1977 antiqua

1204 2054 1563 2073 Oteneeaeeee‘e

255 2181 374 2231 2que
391 2167 499 2231 alii,
516 2169 645 2219 Exc.
670 2169 885 2220 Gevart.
906 2172 1123 2220 Lucens.
1147 2183 1226 2235 pr.
1252 2169 1437 2218 Sched.
1462 2168 1603 2218 Gud.
1631 2168 1802 2219 Oxon.
1828 2168 1946 2216 duo.
1965 2168 2088 2219 Jun.
2107 2169 2299 2217 Lovan.
2320 2184 2482 2225 marg.

274 2232 619 2296 Isingrcedd.
656 2237 831 2284 Parm.
854 2237 1032 2286 Vicet.
1074 2236 1313 2284 Pulmau.
1358 2235 1482 2284 item
1507 2236 1630 2282 Var.
1670 2235 1772 2283 LL.
1797 2235 1878 2282 ed.
1904 2233 2060 2283 Antv.
2109 2250 2225 2282 auru
2264 2238 2344 2281 vel
2374 2239 2484 2284 aula

271 2296 420 2347 Med.
464 2314 543 2361 pr.
566 2301 687 2349 Vat.
727 2308 895 2365 quart.
952 2303 1043 2349 luit
1066 2302 1187 2350 Pat.
1237 2300 1382 2349 movit
1408 2299 1552 2349 Leid.
1573 2314 1656 2362 pr.
1676 2314 1742 2347 m.
1770 2314 1847 2363 pr.
1900 2299 1990 2347 luit
2012 2300 2093 2346 vel
2129 2302 2270 2348 vomit
2294 2301 2483 2348 Pur.—

272 2367 339 2412 16
395 2364 713 2414 Procumbunt
756 2369 872 2415 Put.
912 2366 1034 2416 Pat.
1075 2367 1199 2415 Lov.
1233 2382 1300 2414 m.
1338 2380 1441 2415 sec.
1502 2364 1774 2413 Procumbit
1812 2379 1986 2412 omnes
2011 2365 2154 2414 Vatt.
2179 2364 2294 2412 Pal.
2328 2365 2483 2412 Farn.

251 2427 415 2478 ·Pric.
437 2429 585 2481 Rott.
626 2431 790 2481 Oisel.
848 2431 1106 2481 Procubuit
1130 2431 1299 2481 Oxou.
1337 2445 1437 2480 sec..
1474 2447 1538 2480 m.
1587 2446 1692 2480 see.
1726 2430 1776 2477 in
1799 2431 1913 2479 duce
1933 2431 2055 2479 Vat.
2080 2445 2155 2493 pr.
2182 2430 2341 2478 Ousel.
2376 2446 2483 2479 cum

269 2497 389 2543 duce
413 2495 560 2543 Leid.
585 2509 664 2559 pr.
685 2497 848 2557 judice
867 2499 947 2545 vel
981 2513 1088 2546 cum
1109 2499 1222 2545 duce
1248 2498 1414 2545 Oxou.
1434 2501 1642 2560 ρι·.-17
1676 2496 1939 2556 aciejuucti
1956 2497 2077 2544 Var.
2098 2497 2199 2544 LL.
2220 2498 2302 2543 ed.
2326 2496 2482 2543 Antv.

268 2574 355 2607 nec
375 2559 498 2609 Vat.
532 2568 702 2624 quart,
722 2562 832 2610 Pal.
866 2578 958 2611 non
983 2562 1129 2611 Leid.
1156 2578 1232 2625 pr.
1259 2561 1427 2610 Oxou.
1461 2577 1534 2623 pr.
1561 2562 1791 2610 Florent.
1817 2560 1917 2609 duo
1942 2561 2084 2608 Med.
2111 2562 2232 2609 Lov.
2255 2561 2287 2610 J
2295 2575 2377 2607 un.
2404 2575 2481 2622 pr.

268 2639 355 2673 nec
378 2626 461 2673 vel
484 2641 577 2673 non
602 2627 773 2676 Oxou.
801 2643 902 2676 sec.
937 2627 1173 2676 obsidione
1191 2629 1311 2675 Vat.
1337 2635 1503 2688 quart.
1522 2628 1639 2675 Pat.
1662 2625 1781 2673 Ald.
1806 2623 1929 2673 Var.
1946 2626 2051 2673 LL.
2074 2640 2102 2673 e
2127 2639 2285 2686 marg.
2309 2625 2482 2674 Parm.

253 2689 503 2738 seditione
521 2692 667 2739 Vatt.
704 2695 943 2755 quatuor,
969 2693 1083 2741 Pal.
1128 2693 1281 2741 Farn.
1309 2691 1450 2740 Prie.
1493 2691 1639 2739 Rott.
1682 2690 1841 2739 oisel.
1882 2692 2006 2738 Lov,
2046 2691 2188 2739 Leid.
2214 2705 2319 2739 sec.
2354 2692 2484 2737 ‹ledi-

249 2756 399 2803 ‘tione
422 2756 550 2805 Exc.
574 2755 789 2806 Gevart.
822 2758 1051 2806 seditione
1075 2759 1158 2805 vel
1192 2756 1432 2805 deditione
1478 2756 1606 2818 Reg.
1648 2755 1823 2803 Ambr.
1866 2770 1943 2819 pr.
1968 2756 2163 2804 Moret.
2187 2771 2267 2818 pr.
2302 2754 2482 2802 subacti

246 2819 466 2869 'Moret.
492 2836 595 2870 sec.
638 2823 788 2870 coacti
812 2838 986 2871 omnes
1007 2823 1155 2871 Vatt.
1183 2823 1298 2870 Pal.
1321 2822 1476 2869 Farn.
1503 2822 1641 2870 Prie.
1682 2822 1828 2869 Rott.
1858 2821 2022 2869 Oisel.
2056 2823 2206 2869 receti
2228 2821 2353 2869 Var.
2382 2821 2483 2868 LL.

269 2884 356 2933 ed.
396 2883 563 2934 Antv.
612 2886 687 2949 [f.
726 2889 1062 2950 redacti]—-18
1101 2887 1201 2937 Nec
1235 2892 1436 2948 pereunt
1458 2887 1584 2935 Vat.
1614 2900 1693 2949 pr.
1730 2886 1879 2934 Farn.
1902 2886 2240 2936 Mazar.Put.
2281 2886 2385 2933 Non
2407 2899 2486 2947 pe-

269 2956 413 2998 reunt
438 2951 609 2999 Oxou.
634 2967 711 3013 pr.
737 2952 913 3001 Am‘br.
939 2968 1046 3002 sec.
1070 2952 1172 3001 inc.
1201 2952 1381 3000 Heius.
1434 2953 1510 2999 Ne
1526 2957 1722 3014 pereant
1745 2952 1828 2999 vel
1854 2952 1963 2999 Non
1981 2955 2178 3015 pereunt
2202 2952 2331 3010 Reg.
2366 2949 2488 2998 remi

251 3028 369 3076 pro
403 3015 505 3063 ritu
528 3017 773 3065 Pau—20
811 3018 1021 3077 Perfecit
1042 3018 1143 3065 duo
1156 3019 1303 3066 Vatt.
1329 3017 1513 3064 Petav.
1533 3032 1610 3079 pr.
1634 3016 1784 3064 Med:
1805 3024 1973 3079 quart.
2012 3018 2079 3064 Et
2090 3016 2214 3075 fecit
2239 3015 2384 3064 Leid.
2406 3030 2484 3078 pr.

276 3080 532 3139 Cumsecit
559 3082 703 3130 Leid.
723 3097 825 3131 sec.
852 3083 1005 3133 Faru.
1030 3083 1170 3133 Prie.
1192 3083 1337 3132 Med.
1365 3089 1489 3130 tert.
1515 3082 1636 3130 Put.
1664 3083 1851 3129 Petav.
1873 3097 1974 3129 sec.
1994 3081 2129 3141 Reg.
2154 3097 2220 3129 m.
2243 3093 2345 3129 sec.
2366 3081 2484 3129 Pat.

269 3144 475 3193 Tholos.
499 3147 625 3195 Lov.
662 3148 788 3196 Exn.
834 3148 1050 3197 Gevart.
1096 3163 1282 3196 servum
1305 3148 1496 3195 Moret.
1521 3151 1729 3209 ρι·.-21
1767 3146 2040 3195 demittitur
2061 3147 2204 3195 Med.
2230 3152 2348 3194 tert.
2381 3150 2486 3193 arte

274 3208 389 3258 Pal.
413 3210 553 3261 Pric.
576 3213 720 3261 Rott.
746 3214 959 3262 Tholos.
994 3229 1100 3261 arce
1123 3214 1226 3261 duo
1249 3212 1429 3261 Leidd.
1454 3221 1510 3261 et
1534 3212 1826 3276 quindecim
1852 3212 1958 3272 alii,
1994 3213 2122 3259 Exc.
2144 3213 2360 3261 Gevart.
2388 3211 2487 3258 Lu-

248 3274 417 3324 ’στερεὴ
455 3291 534 3339 ρι’.
576 3277 659 3324 ed.
684 3277 857 3327 Vicet.
874 3280 999 3328 Var.
1036 3280 1140 3327 LL.
1176 3292 1205 3326 e
1231 3293 1387 3340 marg.
1413 3277 1586 3325 Parni.
1620 3281 1723 3324 arte
1748 3277 1829 3325 vel
1851 3291 1958 3324 arce
1979 3278 2097 3324 Vat.
2116 3291 2192 3338 pr.
2212 3274 2354 3323 Med.
2382 3289 2485 3324 see.

273 3338 412 3403 Reg.
447 3347 550 3389 arte
572 3345 768 3405 tyranni
787 3344 970 3392 Petav.
998 3348 1251 3392 tert.--22
1281 3342 1495 3405 prodidit
1517 3342 1548 3391 J
1555 3356 1638 3389 un.
1658 3345 1866 3404 ρι·.-23
1889 3341 2121 3403 fluitante
2140 3342 2337 3389 Mazar.
2353 3340 2483 3389 Exc.

251 3404 407 3454 bend.
434 3406 615 3455 Rheni.
663 3413 871 3456 mutante
889 3409 1106 3456 Tholos.
1144 3409 1243 3456 inc.
1269 3407 1450 3456 Heius.
1498 3407 1663 3455 Oisel.
1698 3421 1815 3454 cum
1851 3407 2021 3469 glossa
2042 3407 2074 3454 i.
2099 3421 2138 3455 e.
2156 3410 2361 3453 *mutata
2384 3419 2484 3451 mu-

274 3474 409 3520 tante
431 3472 516 3520 vel
558 3478 757 3522 nutante
796 3474 931 3537 Reg.
977 3474 1149 3522 Oxou.
1177 3488 1255 3537 pr.
1306 3472 1475 3520 relicta
1497 3487 1591 3535 pro
1641 3473 1836 3520 reducta
1859 3470 2001 3519 Med.
2026 3473 2279 3529 terte—24
2312 3470 2485 3533 defleta

1268 3594 1493 3646 NOTAE

278 3721 375 3756 ceu
397 3707 656 3757 vomicam
694 3709 915 3773 aliquam
940 3716 1214 3772 maturam,
1245 3710 1343 3760 hoc
1422 3708 1612 3772 tropio,
1634 3718 1686 3757 et
1710 3708 1952 3771 impulsus
1975 3722 2005 3755 a
2027 3706 2327 3767 Stilichone,
2350 3707 2485 3771 petit

277 3791 376 3846 est,
398 3785 527 3833 satis
552 3786 921 3848 putrefactam.
1422 3786 1489 3834 ab
1511 3785 1757 3848 Arce-adio,
1793 3792 1848 3833 ut
1868 3785 1964 3833 sibi
1988 3786 2088 3833 iste
2113 3784 2346 3833 dedatur.
2381 3786 2485 3834 Eu-

342 3867 404 3911 19
452 3864 675 3928 Vulnere]
766 3867 1044 3916 Dementia
1103 3867 1344 3930 Eutropii
1423 3864 1624 3925 tropius
1649 3862 1784 3926 fugit
1816 3863 1869 3911 in
1892 3864 2139 3926 templum
2163 3870 2406 3926 tanquam
2430 3862 2484 3910 in

255 3938 598 4004 (aliorumque
642 3944 987 3993 eunuchorum
1043 3942 1215 3996 fracta
1263 3952 1343 3994 est
1423 3942 1635 4003 asylum.
1662 3941 1791 3990 Inde
1817 3956 1910 4003 per
1933 3941 2188 4005 promissa
2211 3942 2482 3991 educitur:

275 4018 487 4070 vulnere
511 4033 604 4067 seu
625 4020 735 4069 ictu
769 4023 1012 4087 rescripti
1046 4023 1344 4085 Principis;
1421 4019 1682 4082 relegatur
1721 4018 1774 4066 in
1812 4021 2070 4082 Cyprum:
2106 4026 2226 4082 post
2258 4018 2486 4068 mittitur

257 4092 450 4157 „sicque
486 4097 709 4158 epistola
768 4094 915 4160 fecit,
970 4098 1107 4163 quod
1151 4099 1343 4149 bellum
1424 4095 1890 4157 Chalcedonem,et
1910 4095 1984 4144 ibi
2006 4096 2335 4146 interficitur.

276 4169 504 4235 fecisset,
527 4173 836 4238 Eutropium
867 4175 1139 4238 ejiciendo·
1186 4177 1345 4230 Nem·
1488 4177 1550 4243 21
1584 4172 1732 4235 Arce]
1801 4173 2127 4230 Deturbatur
2170 4189 2239 4223 ex
2277 4172 2484 4236 fastigio

255 4261 339 4313 ,pe
370 4248 571 4317 GaInus
611 4265 720 4325 seu,
742 4252 940 4308 Gaines
970 4253 1204 4322 infensus
1235 4256 1346 4306 ,Eu-
1422 4264 1614 4313 rerum,
1648 4250 1714 4299 ad
1753 4250 1891 4315 quod
1915 4250 1992 4312 vir
2024 4248 2369 4312 effoeminatus
2402 4264 2484 4310 ,as-
