2925 4928
936 396 1035 446 DE
1085 395 1124 442 B
1134 396 1176 442 Β
1186 393 1323 442 [ιῙιΟ
1370 394 1652 444 GlhnoN
1662 396 1808 444 mo.

269 543 404 612 Fas
430 545 584 623 erit,
618 549 1046 627 errantesque
1075 540 1226 606 solo
1250 541 1397 622 jam
1426 541 1696 606 reddere
1724 540 1916 608 cives
1937 543 1970 606 ‘l
2344 541 2479 608 200

269 648 401 715 Iret
429 650 650 715 adhuc
680 651 753 713 in
786 650 991 713 verba
1020 645 1236 722 dolor,
1266 645 1337 708 ni
1363 644 1635 728 Jupiter
1662 646 1801 711 alto

268 751 618 837 Coepisset
649 754 861 818 solio:
909 770 1113 816 voces
1142 750 1496 814 adamante
1526 750 1811 833 notabat

265 854 589 941 AtropoS,
620 864 687 921 et
717 854 1046 922 Lachesis
1061 855 1382 939 jungebat
1411 854 1692 917 stamina
1718 854 1958 919 dietis:

267 958 415 1023 Nec
444 967 539 1039 te,
574 959 820 1037 Roma,
854 958 1142 1034 diu,·nec
1173 962 1241 1020 te
1267 957 1597 1039 patiemur
1626 955 1930 1036 inultam,

262 1060 524 1127 Africa.
615 1061 1054 1127 Communem
1083 1066 1451 1145 prosternet
1481 1060 1830 1125 Honorius
1856 1060 2142 1132 hostem,

263 1164 533 1247 Pergite
562 1185 842 1230 securae.
927 1164 1248 1230 Vestrum
1278 1164 1384 1228 vis
1411 1163 1599 1226 nulla
1623 1166 1916 1228 tenorem

265 1266 588 1349 Separat:
636 1276 707 1334 et
737 1267 864 1333 soli
889 1266 1320 1333 famulabitur
1346 1263 1587 1330 Africa
1618 1265 1884 1330 Romae.

2345 1059 2478 1127 205

263 1475 420 1530 licebit
436 1490 646 1539 unquam
668 1476 839 1537 redire,
872 1492 927 1525 ae
943 1475 1209 1525 ‘restituere
1243 1475 1387 1525 terris
1424 1474 1613 1524 nostris
1635 1474 1759 1524 cives
1787 1473 2048 1538 vagantes?
2082 1477 2266 1526 Maeror
2284 1476 2482 1528 alteriue

263 1545 633 1606 progrederetur
651 1542 705 1590 in
723 1556 998 1604 sermonem,
1030 1541 1123 1589 nisi
1143 1542 1339 1605 Jupiter
1362 1556 1427 1588 ex
1461 1542 1576 1589 solio
1608 1543 1789 1590 excelso
1810 1542 2058 1606 incepisset
2082 1543 2240 1606 loqui.-
2278 1543 2486 1607 Atropos

260 1608 565 1672 imprimebat
587 1606 729 1656 verba
753 1608 786 1657 J
792 1608 903 1655 ovis
927 1608 980 1655 in
1001 1608 1263 1668 adamante,
1295 1611 1344 1655 et
1365 1607 1588 1655 Lachesis
1606 1606 1841 1656 inserebat
1860 1608 1955 1671 fila
1975 1608 2132 1656 verbis
2160 1608 2446 1672 jungendis
2463 1624 2479 1657 ε

265 1674 429 1737 Neque
453 1672 783 1734 feremusdiu
815 1678 883 1732 te,
925 1672 1001 1722 ait
1032 1672 1265 1734 Jupiter,
1294 1673 1398 1721 sine
1433 1672 1662 1734 uindicta,
1698 1687 1728 1721 o
1764 1672 1935 1731 Roma,
1968 1688 2112 1736 neque
2143 1678 2192 1722 te
2225 1689 2256 1722 o
2291 1673 2483 1734 Africa.

264 1738 512 1787 Honorius
545 1737 825 1803 profligabit
862 1738 1040 1787 hostem
1076 1738 1333 1801 utriusque.
1402 1738 1481 1787 Ite
1514 1738 1614 1786 sine
1647 1753 1761 1786 eura
1776 1754 1797 1796 ,·
1839 1738 1970 1786 nulla
2007 1739 2234 1787 violentia
2270 1740 2484 1802 sejunget

221 1853 225 1859 ,
263 1809 468 1853 vestram
512 1804 882 1865 conjunctionem
898 1820 918 1862 ,·
973 1807 1023 1852 et
1055 1802 1228 1862 Africa
1260 1803 1443 1851 obediet
1493 1804 1576 1851 uni
1613 1804 1792 1854 Romoe.
1880 1803 2084 1852 Locutus
2127 1809 2217 1867 est,
2248 1809 2298 1854 et
2338 1805 2488 1868 inspi-

1200 1932 1227 1950 Ι
1234 1929 1409 1948 “00“
1415 1929 1562 1947 “ff“

262 2006 385 2073 Vah,
428 2006 597 2057 Livin.
637 2008 771 2057 Exc.
810 2007 946 2056 Laeti
986 2014 1041 2056 et
1081 2007 1299 2056 Gevart.
1339 2004 1586 2069 perturbat
1625 2005 1898 2058 duodecim
1931 2007 2204 2058 alit—200
2235 2008 2334 2058 Fas
2355 2003 2486 2057 erit?

266 2073 593 2136 Errantesque
614 2074 708 2121 solo
730 2073 883 2122 natali
904 2075 1034 2122 redd.
1060 2074 1184 2121 cives
1205 2071 1377 2120 Ambr.
1407 2078 1547 2122 tert„
1567 2076 1706 2135 atque
1726 2076 1822 2123 solo
1844 2074 1998 2123 natali
2017 2075 2141 2124 Vat.
2161 2087 2266 2124 sec.
2289 2074 2483 2123 Moret.

266 2152 342 2201 pr.
367 2136 585 2187 Thalos.
624 2144 922 2201 errantesque
956 2139 1052 2187 solo
1076 2139 1184 2198 jam
1207 2144 1317 2186 tres
1340 2138 1488 2185 Vatt.
1528 2152 1601 2186 me
1621 2140 1818 2188 reddere
1840 2140 1970 2203 Reg.
1994 2140 2191 2189 Moret.
2225 2153 2329 2189 sec.
2366 2137 2488 2187 mihi

262 2206 462 2253 reddere
485 2205 635 2253 Rott.
656 2204 803 2253 Med.
828 2218 933 2253 sec.
976 2204 1108 2252 Exc.
1147 2201 1365 2252 Gevart.
1408 2210 1565 2267 atque
1604 2203 1674 2252 ita
1712 2204 2015 2269 conjecerat
2055 2205 2483 2255 Heinsius—⁶201

265 2269 385 2318 Isset
413 2270 546 2320 Exc.
570 2269 723 2331 Laeti,
737 2277 799 2320 ,et
824 2269 1030 2318 Ruben.
1051 2269 1103 2317 in
1124 2269 1273 2318 multa
1296 2268 1427 2316 dolor
1448 2269 1652 2317 Thuan.
1687 2270 1739 2319 ui
1757 2270 1954 2332 Jupiter
1975 2278 2194 2335 quatuor
2214 2271 2363 2320 Vatt.
2384 2268 2488 2317 duo

264 2334 457 2385 Petav.
479 2340 536 2383 et
558 2335 743 2384 Heius.
771 2343 878 2383 tres
894 2334 1039 2383 Med.
1066 2334 1206 2383 Prie.
1227 2334 1391 2383 Oisel.
1417 2333 1649 2382 Floreat.
1667 2334 1798 2398 Reg.
1821 2336 1940 2385 Pat.
1961 2336 2144 2386 Ambr.
2161 2350 2265 2385 sec.
2292 2335 2487 2384 Mazar.

264 2399 383 2450 Vat.
410 2400 582 2450 Livin.
605 2416 697 2448 non
716 2402 911 2461 Jupiter
932 2400 1049 2448 Pal.
1072 2396 1135 2447 n''
1156 2400 1352 2461 Jupiter
1373 2398 1576 2447 Thuan.
1601 2399 1790 2449 Petav.
1819 2406 2105 2450 tem—202
2136 2400 2332 2450 notabat
2355 2400 2486 2449 LoV.

267 2464 412 2515 Laid.-
440 2481 522 2529 pr.
547 2468 670 2516 Vat.
696 2473 821 2515 tert.
858 2466 1011 2514 ambo
1036 2467 1230 2514 Moret.
1255 2464 1358 2513 duo
1384 2463 1555 2532 onn.
1590 2462 1713 2523 Ald.
1741 2467 1866 2515 Exc.
1892 2468 2112 2517 Gevart.
2155 2467 2337 2516 notavit
2359 2464 2486 2516 Vat.

267 2545 344 2593 pr,
384 2531 556 2581 Oisel.
599 2532 724 2580 Pat.
763 2531 957 2580 notabat
1000 2531 1088 2579 vel
1118 2530 1303 2579 notavit
1342 2530 1575 2578 Florem.
1619 2531 1764 2580 Med.
1806 2537 2048 2595 pru—203
2101 2531 2299 2593 urgebat
2339 2532 2485 2583 Med.

266 2604 440 2660 quart.
475 2596 712 2658 jungebat
747 2597 882 2645 Exc.
925 2595 1076 2645 Laeti.
1132 2595 1366 2656 jungebat
1406 2595 1487 2643 vel
1520 2595 1720 2657 urgebat
1757 2598 1887 2646 Exc.
1925 2599 2045 2645 Pat.
2071 2599 2340 2646 rece-204
2379 2598 2488 2645 Non

266 2666 312 2709 te
349 2663 667 2712 Roma—non
690 2666 738 2710 te
777 2661 956 2709 Ambr.
983 2676 1062 2725 pr.
1121 2662 1325 2709 inultam
1359 2661 1438 2707 vel
1462 2660 1644 2708 inultas
1670 2661 1787 2711 Vat.
1813 2667 2055 2725 pr.-206
2090 2663 2326 2725 disperdet
2371 2661 2487 2710 Flo-

265 2732 573 2777 rent.—-206
606 2733 816 2776 nostrum
858 2727 974 2777 Pal.
1028 2731 1237 2775 tenorem
1267 2725 1348 2774 vel
1382 2740 1595 2774 cruorem
1634 2726 1806 2775 Oxou.
1847 2731 2116 2777 sem—207
2151 2727 2350 2790 Separet
2373 2727 2489 2776 Μο-

1272 2872 1487 2922 NOTAE

265 3013 446 3062 persa;
470 2999 523 3047 id
544 3005 645 3060 est,
665 2998 844 3049 incolae
869 2997 972 3048 mei
990 2997 1145 3048 variis
1164 2998 1334 3048 exiliis
1419 3005 1505 3048 tur
1525 3013 1616 3048 seu
1642 3004 1781 3050 sorte
1807 3001 1980 3051 trahat
2002 2999 2111 3063 fila,
2128 3002 2382 3069 simulque
2397 3003 2490 3055 lio·
2559 3028 2563 3034 ·

266 3092 295 3125 a
316 3075 550 3126 Gildone
574 3075 799 3138 dispersi
823 3081 960 3126 sunt.

327 3155 645 3217 Nunquamne
667 3153 867 3217 reverti]
922 3152 1005 3203 An
1029 3168 1131 3203 non
1156 3152 1335 3203 licebit

268 3231 471 3281 civibus
497 3231 623 3280 meis
647 3231 819 3281 redire
854 3233 907 3280 in
931 3230 1165 3281 Africam
1190 3239 1334 3281 nata-

266 3311 399 3359 lem?
436 3309 520 3358 An
546 3324 650 3365 non
670 3309 850 3359 licebit
873 3323 961 3358 eos
985 3310 1165 3358 exules
1188 3310 1335 3359 resti-

268 3394 411 3438 tuere
434 3390 545 3438 solo
568 3389 747 3452 natali,
768 3404 859 3438 seu
883 3389 1067 3452 patriae
1091 3389 1110 3437 ?

326 3471 423 3516 201
463 3467 568 3515 Iret
589 3465 763 3530 adhuc]
796 3464 982 3515 Africa
1011 3466 1177 3516 adhuc
1212 3481 1335 3516 moe·

270 3557 384 3592 rens
410 3549 662 3608 pergeret
686 3543 846 3608 loqui,
867 3542 969 3591 nisi
989 3542 1202 3607 Jupiter
1223 3543 1335 3607 ipse

268 3626 473 3670 vetaret
497 3635 561 3669 ac
584 3621 902 3683 loqueretur.

327 3701 424 3745 203
459 3695 693 3760 Atropos]
745 3697 863 3745 Una
905 3711 972 3744 ex
1016 3695 1219 3758 Parcis,
1259 3695 1337 3747 sic

268 3771 405 3825 dicta
421 3774 489 3823 ab
512 3792 545 3822 α
563 3776 685 3834 siue,
704 3783 757 3822 et
780 3770 969 3836 τρέπειν
985 3778 1182 3835 vertere,
1203 3773 1339 3837 quod

270 3849 377 3898 haec
400 3865 507 3899 nou
526 3851 690 3914 possit
709 3851 844 3898 verti
862 3858 953 3899 aut
973 3851 1177 3900 mutari.
1212 3851 1340 3899 Par-

270 3941 342 3976 cae
365 3935 539 3977 autem
566 3934 687 3977 sunt
710 3928 857 3977 Jovis
884 3943 1256 3988 amanuenses3
1282 3936 1341 3977 et

272 4005 381 4068 ejus
398 4005 561 4054 verba
587 4012 897 4068 excerpunt,
920 4005 1341 4071 exscribuntque,

267 4088 324 4133 ‚et
347 4097 444 4148 quo
467 4083 701 4132 firmiora
720 4083 843 4145 sint,
881 4086 933 4132 in
957 4085 1228 4139 adamante
1251 4099 1340 4133 no·

274 4166 379 4209 taut
405 4168 572 4227 atque
590 4160 847 4212 incidunt.

332 4237 579 4301 Lachesis]
629 4238 817 4288 Altera
855 4254 921 4288 ex
960 4239 1161 4301 Parci8‚
1200 4237 1341 4288 dicta

275 4313 361 4363 ἀπὸ
379 4319 462 4367 τοῦ
482 4313 753 4380 λαγχάνειν
772 4317 958 4382 sortiri,
988 4317 1128 4385 quod
1150 4316 1336 4367 sortia·

1415 3075 1610 3125 minum
1652 3077 1831 3126 vitam.
1899 3078 2033 3127 Haee
2075 3092 2197 3128 vero
2229 3079 2489 3144 jungebat

1416 3156 1772 3223 nectebatque
1789 3157 1876 3207 fila
1895 3173 1987 3208 seu
2004 3160 2242 3222 stamina,
2255 3160 2322 3209 ad
2338 3161 2480 3215 dicta

1414 3233 1566 3284 Jovis
1603 3234 1754 3283 simul
1793 3236 2176 3300 conjungenda,
2210 3238 2395 3288 melius
2427 3246 2489 3289 ut

1416 3318 1627 3372 possent
1640 3312 1912 3374 custodiri,
1926 3329 2038 3377 quae
2054 3314 2196 3363 dicta
2208 3315 2241 3364 J
2246 3315 2354 3365 ovis
2367 3323 2489 3367 sunt

1416 3385 1529 3438 fata
1552 3388 1928 3439 irrevocabilia.
1981 3390 2211 3440 Statius:
2248 3393 2263 3420 ‘
2290 3393 2488 3457 Grave,

1418 3472 1474 3516 et
1512 3464 1829 3514 immutabile
1866 3466 2060 3516 sanctis
2084 3467 2296 3517 Pondus
2334 3470 2489 3520 adest

1419 3543 1607 3603 verbis,
1622 3548 1676 3591 et
1694 3557 1871 3591 vocem
1892 3541 2002 3591 fata
2019 3545 2342 3607 sequuntur.’
2380 3545 2490 3596 Alii

1419 3619 1530 3670 fata
1549 3635 1708 3684 supra
1719 3620 1754 3671 J
1759 3635 1906 3669 ovem
1923 3621 2268 3684 constituunt,
2284 3623 2374 3672 sed
2389 3624 2488 3676 hoc

1420 3696 1641 3745 liberum
1683 3695 1862 3745 Poetis
1903 3697 1955 3745 in
1995 3697 2250 3747 varietate
2290 3696 2491 3750 fabula-

1420 3787 1551 3822 rum.

1487 3855 1585 3900 206
1624 3848 1822 3911 Pergite
1857 3852 2055 3916 securoe]
2109 3851 2332 3915 Pergite
2374 3867 2488 3903 esse

1420 3942 1639 3988 securae,
1660 3934 1715 3976 et
1734 3927 1857 3977 nihil
1877 3927 1940 3976 de
1961 3927 2198 3977 Gildonis
2215 3931 2488 3994 tyrannide

1420 4005 1624 4054 timete.
2467 4044 2477 4053 -

1490 4081 1736 4145 Tenorem]
1770 4083 2011 4131 Vestram
2045 4081 2489 4147 conjunctionem,

1419 4166 1648 4208 vestram
1687 4161 1828 4208 illam
1868 4161 2046 4208 Romae
2072 4159 2123 4208 in
2165 4161 2486 4224 imperando,

1422 4234 1619 4287 Africae
1643 4237 1697 4284 in
1720 4237 2014 4286 obediendo
2035 4238 2375 4287 constantiam
2394 4235 2488 4291 im.-

1418 4313 1742 4378 mutabilem‚
1780 4314 1856 4364 vis
1881 4314 2025 4363 nulla
2059 4305 2367 4381 separabiu‘
