2925 4928
462 388 596 474 872

464 571 621 637 Nec
654 569 924 657 Cybele,
950 570 1136 635 sicco
1163 589 1289 636 nec
1317 572 1543 636 stabat
1567 571 1813 636 lumine
1833 570 1880 635 J
1885 591 2037 637 uno.

464 673 767 740 Moerent
790 674 1150 756 IndigeteS,
1181 681 1250 738 et
1281 675 1339 737 si
1370 693 1541 758 quos
1568 674 1792 739 Roma
1820 675 2102 759 recepit,

461 777 605 844 Aut
635 778 816 843 dedit
840 778 999 860 ipsa
1031 778 1242 842 Deos,
1333 777 1612 843 Genitor
1625 778 1770 861 jam
1799 780 2004 844 corda
2032 777 2273 844 remitti

462 882 802 966 Coeperat,
836 888 909 945 et
939 901 1202 945 sacrum
1232 881 1477 946 dextra
1507 882 1738 946 sedare
1763 882 2111 946 tumultum
2131 903 2162 946 ε,

457 984 634 1048 Cum
662 984 896 1067 procul
923 985 1174 1049 insanis
1205 985 1513 1068 quatiens
1546 971 1913 1050 ululatibus
1946 1005 2165 1063 axem,

458 1086 548 1151 Et
577 1092 860 1152 contusa
889 1107 1115 1170 genas,
1146 1087 1385 1153 mediis
1415 1094 1697 1173 apparet
1725 1091 1794 1152 in
1825 1090 2026 1154 astris

456 1187 709 1255 Africa.
797 1190 1143 1255 Rescissae
1173 1197 1413 1269 vesteS,
1444 1197 1512 1254 et
1538 1192 1772 1274 spicea
1800 1193 2059 1274 passim

459 1293 654 1358 Serta
673 1294 938 1378 jacent:
985 1295 1209 1358 lacero
1236 1293 1518 1364 crinales
1550 1295 1795 1359 vertice
1826 1294 2076 1373 denteS,

455 1395 822 1463 Effractum
850 1398 1187 1481 pendebat
1213 1399 1397 1476 ebur,
1427 1398 1676 1481 talique
1707 1400 2025 1482 superbas

1167 423 1285 473 en.
1332 419 1762 470 curionum
1819 422 1951 473 xv.

2519 569 2662 637 ‚130

2531 1085 2667 1152 135

464 1548 620 1597 Vestoe
641 1553 846 1597 sanctoe:
879 1562 1023 1609 neque
1051 1546 1222 1611 Cybele
1259 1545 1478 1596 manebat
1506 1548 1644 1596 siccis
1666 1550 1824 1607 oculis,
1846 1564 1989 1612 neque
2020 1550 2166 1599 June.
2215 1548 2457 1612 Indigetes
2478 1550 2664 1612 lugent,

454 1620 502 1663 et
523 1615 577 1675 ii,
596 1614 768 1676 siquos
790 1615 919 1662 Deos
940 1614 1088 1660 Romu
1110 1613 1306 1675 accepit,
1328 1614 1399 1661 vel
1421 1613 1523 1676 ipsa
1544 1614 1693 1662 dedit.
1753 1615 1898 1663 Peter
1919 1615 2128 1678 Jupiter
2137 1615 2242 1676 J’am
2265 1615 2520 1679 incipiebat
2545 1616 2663 1663 mol·

452 1680 543 1727 lire
561 1684 740 1742 pectus,
763 1684 807 1727 et
831 1680 1015 1740 placare
1049 1693 1190 1725 manu
1223 1693 1434 1726 murmur
1453 1693 1657 1739 sacrum,
1680 1694 1782 1727 cum
1817 1681 1951 1741 longe
1985 1680 2157 1738 Africa
2188 1681 2454 1730 concutiens
2480 1680 2690 1740 Caelum,

453 1746 670 1793 lamentis
691 1744 951 1805 hore-endiS,
987 1748 1034 1792 et
1071 1744 1267 1791 laniata
1302 1757 1396 1806 per
1426 1758 1593 1805 genas,
1616 1744 1819 1792 ostendit
1839 1760 1886 1792 se
1909 1748 1959 1793 in
1981 1747 2132 1794 medio
2154 1745 2354 1794 oethere:
2386 1746 2668 1793 vestimenta

453 1811 561 1873 ejus
578 1810 828 1874 discerpta,
848 1814 893 1857 et
915 1813 1044 1858 serta
1068 1808 1323 1857 aristarum
1341 1808 1526 1872 jacent,
1546 1815 1713 1873 pecten
1732 1811 1920 1875 scissae,
1938 1815 1986 1859 et
2008 1816 2198 1874 ruptum
2220 1811 2332 1859 ebur
2347 1809 2664 1874 suspendeba-

1376 1951 1730 1971 OOOOOOOOOOOO

452 2053 636 2104 Ambr.
656 2058 780 2102 tert.
814 2054 948 2101 modo
969 2067 1063 2116 pro
1087 2052 1201 2101 mihi
1221 2052 1516 2102 Tholos.—l
1527 2058 1590 2103 30
1617 2054 1788 2118 Cybele
1808 2057 1928 2105 sicco
1954 2056 2073 2105 Vat.
2098 2057 2253 2105 Farn.
2277 2056 2507 2105 Florent.
2528 2058 2665 2122 Reg-

449 2120 646 2167 Tliuan.
673 2120 873 2167 Mazar.
900 2117 1000 2166 duo
1026 2118 1210 2167 Petav.
1235 2125 1458 2181 quatuor
1494 2120 1639 2168 Med.
1678 2121 2007 2171 inc.‘Heins.
2048 2121 2129 2171 ed.
2167 2122 2340 2170 Parm.
2384 2130 2440 2170 et
2480 2123 2663 2172 Vicet.

449 2185 569 2233 sicco
591 2185 766 2246 Cybele
788 2185 986 2231 Bonon.
1008 2184 1215 2232 Thalos,
1236 2183 1358 2231 Pat.
1382 2184 1511 2232 LoV.
1540 2186 1735 2234 Moret.
1760 2201 1862 2236 sec.
1888 2196 1943 2234 et
1961 2185 2144 2235 Petav.
2184 2199 2290 2235 sec.
2322 2187 2506 2235 Ambr.
2532 2195 2664 2240 tert.

450 2264 580 2303 uuus
603 2249 787 2297 Heius,
806 2247 908 2295 duo
931 2248 1103 2295 Oxou.
1129 2249 1253 2295 Var.
1279 2250 1383 2297 LL.
1406 2264 1436 2296 e
1457 2264 1617 2311 marg.
1641 2250 1815 2298 Parm.
1851 2252 1981 2301 Exc.
2000 2252 2219 2300 Gevart.
2243 2252 2367 2300 item
2388 2252 2548 2302 Gesn.
2573 2254 2680 2307 edff'

449 2314 663 2376 Bipont.
693 2321 747 2362 et
783 2312 1156 2374 Koenig.—132
1187 2314 1329 2361 corda
1365 2313 1467 2361 duo
1502 2314 1651 2363 Vatt.
1687 2327 1741 2364 et
1785 2317 1928 2366 Med.
1962 2318 2091 2381 Reg.
2127 2313 2251 2365 Put.
2289 2318 2489 2366 Bonon.
2528 2319 2661 2368 Lov-

449 2379 598 2428 Leid.
618 2392 698 2441 pr.
718 2378 820 2426 duo
844 2378 1015 2427 Oxon.
1038 2378 1256 2426 totidem
1278 2376 1460 2426 Ambr.
1486 2386 1591 2427 tres
1612 2381 1791 2429 Petav.
1816 2382 1944 2429 Exe.
1964 2382 2096 2431 Gev.
2115 2383 2238 2430 Var.
2258 2382 2361 2431 LL.
2382 2382 2467 2432 ed.
2492 2381 2662 2433 Antv.

445 2446 583 2494 corde
605 2458 697 2492 sex
720 2443 822 2492 alii.
857 2445 999 2492 corda
1018 2444 1099 2493 vel
1122 2446 1257 2493 corde
1280 2443 1441 2492 Oisel.
1466 2443 1610 2495 Med.
1630 2460 1735 2495 sec.
1768 2447 1975 2496 remittit
1997 2448 2080 2496 ed.
2101 2448 2436 2498 vicet—133
2457 2449 2664 2499 &acrum

446 2510 581 2558 Flor.
598 2525 665 2558 m.
684 2524 788 2559 sec.
818 2523 955 2557 sacra
973 2509 1469 2572 Mediquarte-lffi
1493 2516 1685 2560 contusa
1701 2513 1822 2562 Vat.
1849 2528 1925 2576 pr.
1946 2520 2001 2561 et
2023 2527 2125 2562 sec.
2147 2513 2311 2562 Oisel.
2336 2514 2523 2562 Petav.
2549 2529 2663 2567 sec.

443 2575 638 2635 confusa
662 2575 816 2623 Farn.
851 2589 1072 2622 concussa
1096 2575 1274 2636 viginti
1299 2575 1404 2635 alii,
1426 2576 1549 2622 item
1575 2577 1703 2626 Exc.
1723 2577 1941 2628 Gerart.
1976 2585 2166 2627 contusa
2185 2579 2265 2627 vel
2282 2593 2500 2628 concussa
2523 2580 2664 2644 Reg.

444 2641 589 2688 Med.
614 2655 691 2702 pr.
721 2640 861 2700 genis
884 2640 1108 2688 Florent.
1132 2655 1198 2687 m.
1229 2644 1473 2703 pr.—136
1505 2640 1710 2690 discis-sce
1753 2644 1946 2692 Moret.
1980 2658 2059 2706 pr.
2110 2644 2280 2692 decisa·
2319 2645 2513 2693 Moret.
2547 2659 2661 2696 sec.

442 2706 604 2753 recisoe
633 2706 744 2754 Pal.
766 2705 889 2752 Put.
919 2706 1102 2753 Petav.
1141 2720 1242 2754 sec.
1279 2706 1411 2754 Exc.
1449 2705 1667 2756 Gevart.
1711 2708 1922 2757 descissoe
1938 2709 2061 2757 Vat.
2085 2722 2191 2758 sec.
2216 2710 2366 2758 Farn.
2419 2711 2665 2759 recscissoe

446 2771 531 2819 vel
550 2772 763 2819 descissae
785 2769 918 2832 Reg.
950 2771 1151 2831 sparsim
1169 2769 1462 2819 octodecim
1488 2771 1688 2835 scripti,
1709 2773 1793 2821 ed.
1820 2774 1989 2823 Vicet.
2011 2775 2140 2823 Exc.
2166 2774 2549 2824 Gevart.—138
2586 2777 2662 2823 Et

442 2840 648 2884 stratum
687 2836 817 2884 Exc.
853 2836 989 2884 Laeti
1024 2845 1078 2884 et
1115 2833 1318 2884 Ruben.
1375 2835 1671 2894 Etsractum
1691 2836 1869 2909 decem
1894 2838 2063 2888 Codd.
2087 2838 2171 2889 ed.
2195 2840 2363 2890 Vicet.
2392 2840 2520 2890 Var.
2546 2841 2661 2898 LL.

1437 2965 1658 3016 NOTAE

510 3084 604 3129 130
642 3079 836 3144 Cybele]
870 3080 1048 3128 Mater
1077 3079 1340 3127 Deorum:
1379 3091 1505 3128 non-

441 3158 570 3207 nulli
593 3173 704 3206 eam
729 3172 842 3205 cum
868 3157 1030 3204 Vesta
1051 3154 1390 3204 confundunt.

1586 3090 1762 3132 tamen
1786 3084 1921 3147 apud
1945 3100 2034 3135 eos
2068 3086 2294 3134 omnium
2328 3082 2662 3149 superstitio·

1585 3176 1707 3210 num
1728 3164 1974 3212 colluvies
1991 3160 2331 3212 confluxerat.

509 3240 598 3284 131
640 3233 910 3296 Indigetes]
965 3232 1216 3281 Homines
1254 3239 1508 3294 praestan-

443 3311 641 3373 tissimi,
691 3310 778 3375 qui
837 3309 891 3357 in
948 3308 1179 3357 Deorum
1235 3322 1505 3358 numerum

441 3387 654 3451 ascripti
680 3393 828 3435 sunt:
864 3392 924 3434 ut
948 3385 1217 3445 Romulae,
1241 3387 1341 3432 &c-

494 3465 658 3522 Roma
677 3462 878 3525 recepit]
913 3462 1094 3524 Roma,
1113 3468 1173 3509 ut
1198 3461 1396 3513 Coelum
1414 3461 1505 3510 ali-

441 3543 600 3608 quod,
642 3542 843 3604 recepit
882 3542 1116 3604 gentium
1151 3541 1377 3589 omnium
1416 3541 1505 3589 de-

436 3622 869 3681 victarum-DeoS‚
889 3619 1066 3682 nequis
1100 3613 1304 3678 scilicet
1338 3633 1504 3668 rema-

438 3709 590 3750 neret
614 3703 664 3748 in
688 3699 897 3748 urbibus
921 3707 1011 3748 aut
1055 3698 1334 3761 provinciis
1353 3713 1502 3747 suum

435 3777 680 3826 honorem
701 3776 922 3824 ulturus.
981 3774 1225 3838 Lepidam
1252 3783 1396 3824 certe
1421 3790 1502 3824 su·

435 3853 822 3918 perstitioneml
891 3854 1055 3901 Roma
1112 3861 1284 3901 tamen
1337 3854 1500 3901 solum

438 3934 782 3983 Hebraeorum
809 3934 976 3980 Deum
1019 3946 1121 3980 non
1158 3933 1502 3992 consecravit,

437 4010 556 4074 quia
577 4009 620 4057 is
645 4007 870 4072 jubebat
893 4022 948 4055 se
972 4008 1071 4055 coli
1093 4009 1276 4069 solum,
1310 4011 1502 4058 ceteris

435 4085 823 4144 exterminatis;
861 4090 915 4132 et
952 4086 1124 4132 Deum
1161 4084 1380 4148 aliquem
1415 4100 1502 4134 co-

434 4161 545 4211 lere
589 4161 709 4224 alio,
739 4175 839 4224 quo
884 4161 991 4224 ipse
1027 4160 1267 4223 jussisset
1326 4162 1499 4225 mod0,

432 4237 600 4289 nefas-
656 4237 731 4288 At
753 4239 970 4286 Romani
994 4236 1169 4299 plures
1192 4238 1339 4301 Deos
1357 4239 1498 4287 vole-

429 4317 582 4382 bant,
603 4323 661 4366 ut
699 4315 835 4366 forte
868 4316 1065 4365 nullum
1100 4315 1385 4366 haberent:
1420 4316 1505 4383 εἰς

1654 3243 1748 3287 132
1780 3240 1883 3288 Aut
1902 3238 2056 3301 dedit]
2094 3241 2254 3289 Roma
2276 3238 2426 3288 dedit
2459 3238 2662 3288 Romu-

1585 3317 1689 3365 lum
1711 3324 1767 3365 et
1806 3317 2059 3379 Caesares,
2090 3317 2174 3381 qui
2212 3317 2354 3366 inter
2390 3316 2531 3365 Deos
2571 3330 2660 3366 re-

1585 3391 1908 3446 ferebantur.

1653 3472 1745 3517 133
1779 3468 1978 3519 Sacrum
2020 3467 2295 3531 tumultum]
2345 3468 2656 3518 Excitatum

1586 3560 1616 3594 a
1638 3545 1754 3594 Diis
1780 3545 1962 3595 Romae
1997 3546 2344 3595 calamitatem
2375 3543 2658 3608 indignan-

1583 3622 1743 3671 tibus.

1646 3700 1838 3748 Dextra
1869 3699 2055 3763 sedare]
2091 3699 2209 3748 Mos
2243 3712 2440 3759 eorum,
2470 3697 2560 3762 qui
2596 3713 2654 3748 e-

1583 3782 1699 3823 rant
1724 3776 1961 3826 locuturi.
1995 3777 2267 3824 Lucanus:
2293 3777 2308 3802 ⁴
2333 3775 2651 3840 Dextraque

1580 3853 1784 3900 silentia
1794 3851 1987 3915 jussit.'

1648 3935 1740 3980 13⁷
1774 3932 1973 3995 Dentes,
1993 3937 2038 3980 et
2059 3931 2197 3994 ebur]
2240 3931 2308 3981 Id
2343 3938 2441 3995 est,
2464 3931 2650 3983 dentes

1580 4008 1813 4069 eburnei,
1852 4024 1946 4058 seu
1993 4015 2180 4071 pecten
2224 4010 2504 4071 eburneus,
2542 4024 2647 4075 quo

1581 4083 1763 4133 Africa
1806 4087 1971 4135 utitur
2010 4084 2077 4134 ad
2124 4084 2412 4148 pectendos
2457 4086 2645 4135 crines.

1580 4162 1720 4212 Huic
1758 4170 1933 4211 etitem
1972 4162 2125 4210 datur
2159 4167 2351 4225 pecten
2388 4161 2644 4212 eburneus

1575 4247 1797 4302 propter
1822 4239 2138 4303 Elephantos
2160 4251 2290 4304 quos
2311 4237 2422 4288 alit.
2463 4238 2470 4245 “
