2925 4928
513 434 640 513 11'4
1240 456 1356 508 cn.
1405 457 1842 507 obsunt-im
1893 458 2006 507 ιιι.

510 608 599 672 Et
628 625 792 672 casa
818 624 1161 690 pugnaces
1196 604 1437 669 Curios
1467 612 1755 687 angusta
1780 604 2066 687 tegebat.

507 709 688 774 Haec
718 710 879 772 mihi
910 713 1277 792 paupertas
1310 712 1691 791 augustior:
1739 709 1892 772 haec
1925 707 2088 770 mihi
2118 711 2320 771 tecta*

508 811 935 877 Culminibus
965 813 1215 896 majora
1244 813 1415 876 tuis:
1464 813 1589 875 tibi
1622 814 1859 896 quaerit
1884 812 2119 874 inanes
2575 808 2715 873 205

506 915 838 980 Luxuries
870 916 1175 978 nocitura
1204 915 1431 978 cibos:
1481 913 1656 978 mihi-
1674 915 1878 979 donat
1905 916 2194 977 inemtas

505 1017 718 1081 Terra
747 1017 961 1099 dapes
993 1038 1008 1080 ε
1054 1018 1329 1099 rapiunt
1361 1017 1606 1102 Tyrios
1640 1020 1766 1082 tibi
1798 1018 2048 1081 vellera
2076 1015 2299 1096 fucos,

506 1119 599 1184 Et
627 1122 982 1204 picturatae
1015 1125 1399 1184 saturantur
1427 1121 1679 1184 murice
1711 1120 1932 1184 vestes
1957 1141 1974 1184 ε

498 1285 761 1333 generosos.
829 1269 952 1317 Hoec
984 1270 1249 1332 pauperies,
1280 1285 1311 1318 o
1341 1250 1549 1334 Rufiue,
1570 1272 1832 1336 qffluentior
1863 1271 2073 1321 videtur
2093 1270 2242 1320 milii.-
2276 1270 2374 1320 haec
2395 1250 2557 1319 domus
2577 1246 2730 1319 viclo-

504 1348 591 1384 mr
625 1335 743 1383 mihi
779 1333 1152 1398 ’nug-viificentior
1186 1334 1397 1383 turribus
1432 1337 1528 1384 tuis
1542 1353 1559 1385 .-
1610 1339 1752 1386 luxus
1785 1337 2074 1400 perniciosus
2109 1341 2403 1385 consectatur
2441 1335 2533 1384 tibi
2575 1337 2734 1398 ὤρη

502 1400 725 1451 inutiles.-
773 1405 902 1449 terra
922 1403 1005 1448 dut
1027 1399 1144 1448 milii
1179 1400 1439 1451 liberaliter
1464 1401 1621 1452 cibos.-
1659 1403 1758 1451 iuic
1780 1405 1889 1452 luna
1908 1402 2064 1451 sorbet
2100 1403 2303 1466 liquores
2329 1401 2467 1465 Tyri,
2496 1405 2546 1450 et
2577 1402 2733 1451 vesti·

1430 1562 1785 1584 “O'“O‘O'OO

499 1677 644 1713 mnus
667 1664 954 1713 Pate-203
985 1667 1252 1725 pugnantes
1289 1663 1435 1713 Med.
1475 1678 1580 1714 sec.
1622 1667 1769 1715 Rott.
1822 1679 2055 1729 pugnaces
2098 1664 2194 1712 vel·
2215 1668 2482 1728 pugnantes
2516 1664 2721 1713 Moret-

414 1738 417 1739 ’
502 1742 607 1777 sec.
640 1729 824 1778 tenebat
845 1729 997 1776 Farn.
1021 1727 1161 1776 Pric.
1183 1727 1373 1777 Thuan.
1402 1730 1546 1778 Med.
1572 1740 1741 1795 quart.
1781 1732 1951 1780 Oxou.
1973 1744 2053 1794 pr.
2077 1729 2198 1780 Ald.
2222 1731 2405 1793 Isingr.
2432 1728 2515 1778 ed.
2535 1728 2721 1779 Parm-

502 1802 558 1842 et
579 1795 749 1844 Vicet.
789 1793 975 1854 tegebat
1001 1793 1083 1840 vel
1118 1793 1308 1854 regebat
1347 1794 1490 1842 Med.
1524 1811 1628 1845 sec.
1665 1796 1848 1845 tenebat
1872 1797 1962 1844 vel
1986 1794 2176 1857 tegebat
2212 1796 2332 1843 Put.
2373 1794 2557 1858 reliqui
2581 1795 2721 1844 MsS.

498 1860 871 1920 regebam—20⁴
901 1857 1147 1919 augustior
1171 1866 1278 1907 tres
1304 1859 1422 1908 Vat.
1447 1861 1564 1911 Pal.
1588 1862 1728 1911 Prie.
1753 1863 1896 1911 Rott.
1923 1860 2087 1910 Oisel.
2118 1861 2368 1922 angustior
2390 1861 2511 1908 vat.
2536 1867 2718 1923 quart.

499 1924 652 1973 Fara.
686 1925 944 1986 opulentior
966 1930 1070 1971 vet.
1091 1923 1220 1986 Gyr.
1251 1924 1374 1974 Exc.
1407 1926 1623 1975 Lucem.
1658 1942 1762 1975 sec.
1788 1926 1974 1989 Isingr.
2004 1926 2416 1974 HelmaestffVar.
2443 1924 2595 1974 Lect.
2628 1924 2718 1974 ed.

498 1988 660 2039 Antv.
684 1990 760 2038 ita
800 1989 1022 2039 Gesner.
1066 1989 1311 2047 augustior
1341 1990 1422 2036 vel
1456 1992 1718 2052 opulentior
1758 1990 1881 2040 Put.
1920 1992 2104 2039 Petav.
2144 1994 2429 2039 terh—205
2464 1990 2508 2038 si
2535 1990 2717 2052 quaerit

498 2052 680 2102 Ambr.
703 2069 783 2117 pr.
827 2054 904 2101 hic
941 2053 1114 2115 quoerz‘t
1147 2052 1295 2101 Leid.
1335 2068 1410 2116 pr.
1458 2055 1527 2102 ibi
1571 2057 1650 2105 vel
1688 2055 1778 2104 tibi
1814 2056 1935 2105 Put.
1985 2056 2142 2104 inanis
2178 2057 2308 2105 Exc.
2348 2057 2565 2104 Lucens.
2602 2068 2715 2106 sec.

496 2123 700 2181 quaerat,
738 2121 944 2181 rapiunt,
984 2125 1039 2166 et
1076 2121 1346 2165 saturentur
1381 2121 1591 2181 legebat
1633 2120 2062 2170 Heinsius—206
2094 2121 2186 2169 tibi
2206 2123 2351 2170 donat
2372 2122 2494 2169 Vat.
2519 2134 2596 2182 pr.
2633 2119 2717 2169 hic

496 2186 641 2233 donat
674 2186 795 2232 Pul.
838 2191 895 2231 et
939 2183 1083 2231 Leid.
1129 2197 1207 2244 pr.
1248 2183 1432 2245 ineptas
1452 2184 1677 2235 ‚Tholos.
1708 2187 1949 2245 Heinsius
1972 2186 2038 2234 ad
2069 2199 2209 2234 oram
2247 2185 2422 2247 primae
2449 2200 2555 2234 suoe
2577 2183 2713 2233 edit.

497 2249 828 2311 ascripserat.
881 2247 995 2311 [tibi
1031 2247 1201 2309 quoerit
1237 2247 1423 2310 inanes]
1453 2249 1585 2298 Tota
1629 2252 1739 2299 haec
1778 2251 2024 2314 digressio
2067 2265 2133 2298 ex
2168 2250 2386 2312 Virgilio
2438 2249 2716 2312 depromta

482 2312 610 2363 Lib.
633 2327 695 2362 11.
720 2313 913 2376 Georg.
949 2327 1002 2361 v.
1024 2316 1140 2360 458.
1167 2319 1221 2360 et
1259 2319 1566 2377 ςυρψ-207
1600 2315 1789 2379 rapiant
1819 2316 2019 2366 Thoan.
2043 2316 2136 2364 tibi
2175 2316 2316 2364 Pric.
2358 2316 2501 2364 Rott.
2543 2315 2712 2364 Oisel.

492 2377 562 2426 ibi
587 2378 736 2426 Leid.
762 2392 839 2441 pr.
866 2380 939 2426 ita
963 2378 1182 2426 Gesner.
1215 2377 1306 2424 tibi
1330 2378 1411 2426 vel
1434 2378 1505 2426 ibi
1530 2380 1655 2429 Put.
1689 2381 1861 2431 Oxou.
1887 2396 1993 2430 sec.
2025 2396 2156 2430 sucos
2180 2380 2301 2429 Vat.
2328 2389 2565 2444 quatuor,
2589 2381 2708 2430 Pal.

495 2444 650 2493 Faru.
673 2444 816 2494 Pric.
858 2444 1002 2492 Rott.
1028 2441 1190 2492 Oisel.
1215 2443 1344 2492 Exc.
1369 2443 1593 2495 Lucens,
1618 2444 1761 2504 sucos
1787 2448 2012 2497 Florent.
2040 2447 2161 2497 Pat.
2185 2446 2387 2495 TholoS.
2413 2446 2606 2494 Petav.·
2625 2460 2708 2508 pr.

478 2508 624 2568 sucos
657 2524 687 2557 a
713 2525 780 2559 m.
805 2524 884 2573 pr.
922 2517 978 2558 et
1017 2508 1218 2557 emend.
1263 2523 1418 2558 succos
1460 2511 1590 2559 Lov.
1622 2511 1764 2569 fucos
1804 2513 1887 2561 vel
1929 2528 2087 2562 succos
2121 2512 2220 2560 duo
2262 2512 2431 2561 Oxou.
2460 2511 2708 2561 Heinsius

494 2575 803 2636 ascripserat
828 2576 999 2623 locum
1021 2573 1237 2636 Corippi
1274 2574 1364 2623 lib.
1405 2588 1470 2623 11.
1520 2578 1534 2602 ⁴
1562 2577 1798 2641 Curaque
1824 2578 2053 2639 pruniceis
2078 2577 2281 2626 induxit
2323 2577 2466 2639 regia
2505 2577 2711 2636 vinclis,

493 2640 741 2689 Parthica
778 2641 1040 2702 Campano
1065 2641 1263 2687 lucrant
1289 2655 1405 2704 quae
1424 2648 1637 2704 tergora
1670 2641 1824 2693 fuco.’
1858 2650 1912 2691 et
1950 2643 2127 2692 Mattii
2150 2642 2200 2689 iu
2227 2641 2538 2690 Mimiambis
2562 2641 2708 2702 apud

493 2704 629 2755 Gell.
653 2706 808 2755 Noct.
831 2703 946 2754 Att.
984 2704 1068 2752 lib.
1094 2716 1186 2754 xx.
1214 2719 1257 2753 c.
1275 2708 1324 2754 9.
1377 2706 1393 2731 ‘
1417 2706 1537 2756 Jam
1573 2708 1784 2756 tonsiles
1827 2716 2030 2769 tapetes
2054 2708 2182 2756 ebrii
2216 2705 2536 2755 fuco.’—208
2571 2707 2711 2755 Hine

478 2770 612 2818 ‘Vat.
636 2786 741 2820 sec.
766 2771 996 2818 Florent.
1020 2769 1183 2819 Oisel.
1204 2769 1347 2818 Med.
1372 2784 1477 2819 sec.
1499 2771 1584 2822 ed.
1615 2772 2064 2831 Parm.‚satae·antur
2085 2771 2231 2821 Med.
2258 2786 2338 2834 pr.
2364 2772 2560 2824 Mazar.
2586 2772 2705 2823 Pal.

473 2832 634 2885 ‘Pric.
665 2840 938 2885 saturentur
962 2835 1161 2883 Thuau.
1191 2832 1428 2894 fucantur
1451 2836 1583 2887 Exc,
1621 2838 1840 2888 LucenS.
1876 2852 1980 2888 sec.
2014 2839 2267 2900 signantur
2304 2851 2468 2901 marg.
2512 2835 2704 2902 Isingr.

1478 2965 1693 3016 NOTAE

550 3086 646 3132 203
686 3081 879 3144 Curios]
930 3082 1117 3132 Curius
1152 3082 1438 3142 Dentatum,
1476 3082 1556 3130 vir
1637 3084 1849 3148 quippe,
1872 3091 1926 3134 et
1949 3086 2216 3148 epularum
2249 3082 2503 3132 varietate
2537 3080 2705 3131 morbi

489 3160 646 3210 etiam
691 3166 829 3208 notae
859 3149 1183 3229 frugalitatis
1211 3157 1555 3208 fortitudinis·
1634 3168 1912 3211 creantur:
1966 3165 1980 3189 ⁴
2006 3163 2143 3225 Ipsae
2178 3161 2477 3222 voluptates
2508 3158 2563 3207 iu
2599 3164 2704 3207 tor·

470 3251 609 3300 ,quc‚
668 3237 953 3287 Samnitum
1015 3250 1194 3284 aurum
1256 3237 1551 3297 contemsit,
1635 3245 1810 3286 menta
1836 3237 2147 3287 vertuntur!
2179 3236 2400 3286 Seneca.

486 3314 663 3364 dicens
706 3329 823 3363 eum
871 3313 958 3376 qui
1002 3313 1143 3375 rapis
1188 3313 1329 3362 vesci
1373 3321 1552 3377 posset
1696 3319 1793 3364 207
1828 3316 2044 3378 Ropiuut
2086 3314 2258 3378 Tyrios
2290 3312 2378 3361 tibi
2418 3312 2591 3362 vellera
2605 3309 2703 3370 fu-

481 3395 624 3457 (uam
647 3407 798 3457 rapas
818 3392 871 3440 iu
891 3390 1009 3441 foco
1026 3389 1279 3454 torrebat)
1302 3407 1428 3440 auro
1450 3406 1552 3442 non
1629 3391 1728 3455 cos]
1761 3393 1900 3441 Lana
1920 3391 2137 3454 tingitur
2160 3403 2386 3452 purpura
2412 3387 2589 3449 Tyria,
2606 3400 2702 3436 seu

484 3468 750 3533 indigere:
803 3469 1160 3530 Romanosque
1196 3469 1350 3534 malle
1392 3468 1553 3531 impe·
1619 3470 1797 3533 ¹qualis
1814 3478 1892 3517 est
1911 3469 2032 3531 Tyri
2057 3467 2358 3516 incolarum.
2428 3464 2599 3516 Fucus
2619 3470 2703 3514 est

483 3561 599 3595 rare
626 3561 803 3595 aurum
826 3544 1151 3608 habentibuS,
1191 3558 1340 3607 quam
1369 3558 1549 3592 aurum
1629 3545 1681 3592 id
1707 3559 1806 3608 qno
1845 3545 1962 3593 lana
2005 3550 2252 3606 ninutatur,
2285 3547 2444 3604 atque
2468 3537 2699 3589 fucatur.

468 3622 689 3684 habere.
1627 3623 1795 3686 Tyrus
1815 3629 1894 3671 est
1932 3622 2049 3680 urbs
2093 3620 2390 3681 Phoeniciae,
2424 3623 2545 3666 nota
2576 3631 2701 3681 pur-

545 3703 642 3748 204
680 3697 982 3763 opulentior]
1030 3697 1133 3746 Alii
1159 3697 1357 3760 legunt,
1376 3713 1548 3764 augus-
1629 3714 1774 3762 pura.
2517 3755 2522 3764 ι

480 3777 614 3833 tior:
663 3779 911 3838 sanctior,
944 3776 1304 3836 venerabilior,
1325 3777 1550 3838 splendi-
1692 3778 1790 3823 208
1825 3774 2116 3836 Picturatae]
2162 3774 2329 3821 Variis
2354 3771 2573 3835 picturis
2596 3770 2699 3820 dis·

481 3854 613 3914 dior,
635 3852 856 3903 felicior.
926 3853 1126 3902 Auctor
1147 3853 1455 3916 Punegyrici
1482 3854 1546 3902 ad
1631 3852 1841 3912 tinctae3
1875 3866 1969 3899 acu
1998 3851 2174 3913 pictae.

479 3930 753 3982 Pisonem:
822 3930 838 3957 ‘
862 3929 1085 3993 Ipsaque
1123 3942 1359 3992 possesso
1400 3944 1546 3994 meus
1693 3926 1905 3988 Murice]
1953 3927 2143 3974 Murex
2190 3934 2271 3973 est
2310 3940 2471 3987 genus
2512 3923 2696 3988 piscis,

478 4013 560 4057 est
577 4005 866 4069 opulentior
890 4005 1049 4054 auro.’
1627 4018 1729 4067 quo
1767 4004 2047 4051 utebantur
2079 4001 2144 4049 ad
2180 4001 2478 4063 tingendam
2503 4015 2696 4064 purpu-

462 4131 468 4142 ,
543 4088 638 4134 205
679 4082 995 4144 Culminibus]
1018 4083 1281 4140 Turribus,
1307 4083 1543 4131 domibus
1626 4094 1754 4141 rani,
1795 4079 1971 4143 sicque
2026 4077 2236 4140 ponitur
2296 4090 2389 4139 pro
2445 4071 2694 4140 purpuriu-

464 4160 694 4218 ,excelsis
717 4166 873 4224 atque
899 4158 1197 4221 magnificis.
1628 4157 1733 4204 Alii
1770 4155 2019 4204 dixerunt
2054 4153 2308 4201 Muricem
2342 4166 2452 4201 esse
2486 4151 2692 4204 Florem

545 4236 759 4298 Quaerit]
782 4236 976 4297 Magno
996 4236 1171 4304 labore
1192 4242 1543 4285 consectatur.
1625 4231 1688 4281 ad
1714 4231 1922 4281 eosdem
1944 4245 2060 4300 usus
2080 4229 2420 4293 aptissimum,
2437 4235 2492 4279 et
2512 4228 2693 4280 iuven-

540 4316 640 4363 200
681 4312 922 4362 Luxuries
980 4311 1217 4377 nocitura]
1299 4313 1379 4360 Ex
1415 4312 1541 4361 luxu
1625 4313 1735 4358 tum
1761 4322 1793 4356 a
1815 4321 1945 4358 caue
1968 4305 2235 4356 Herculis.
