2925 4928
901 407 980 455 ιΝ
1031 404 1144 456 οι.
1191 409 1732 463 cummanum,
2339 398 2429 464 13

254 552 428 628 afflat,
458 555 550 615 ·ut
572 552 773 616 rebus
799 553 1243 636 praesentibus
1292 558 1489 637 quasi
1517 558 1715 621 emoti
1761 564 2038 641 arteque
2066 560 2327 640 magica
2353 560 2421 622 in

253 666 441 716 novas
468 655 770 736 regiones
819 656 1026 721 delati
1076 657 1276 721 aliam
1337 665 1407 722 et
1449 661 1827 726 inusitatam
1887 680 2106 726 rerum
2148 664 2425 727 formam

253 757 366 820 sibi
393 757 738 821 videantur
785 761 1105 842 aspicere,
1148 779 1494 844 novosque
1542 770 1610 826 et
1650 764 1957 828 insolitos
1986 766 2185 828 animi
2213 771 2432 830 motus

254 861 490 936 sentire,
561 880 839 943 quornm
916 865 1336 946 perceptione
1407 866 1862 949 voluptatibus
1921 868 2430 951 jucundissimis

252 963 722 1044 perfundantur,
769 967 911 1043 sed,
946 968 1101 1032 dum
1154 989 1351 1034 aures
1383 972 1488 1034 vel
1540 958 1827 1036 maxime
1872 974 2246 1055 implentur,
2293 976 2434 1038 ani-

251 1070 380 1128 m'us
418 1067 705 1149 languet,
752 1090 1032 1153 eumque
1073 1073 1338 1137 sudoris
1367 1076 1677 1156 vestigia,
1711 1094 1908 1158 quem
1940 1077 2145 1138 anxia
2171 1082 2238 1139 et
2276 1096 2435 1160 ope·

250 1187 382 1232 rosa
434 1173 597 1234 artis
656 1172 1038 1239 observatio
1111 1178 1468 1258 expressit,
1523 1175 1765 1259 'frigore
1836 1178 2099 1243 feriunt.
2207 1177 2435 1261 Magis

249 1273 423 1336 etiam
478 1274 634 1338 haec
692 1276 914 1363 locum
970 1277 1215 1342 habent
1261 1279 1332 1342 in
1381 1280 1757 1344 inventione
1811 1287 1876 1344 et
1925 1281 2433 1363 compositione,

249 1393 379 1456 quae
408 1376 494 1439 ad
524 1385 708 1442 certa
736 1386 1081 1461 praecepta
1126 1382 1428 1445 revocari
1474 1383 1829 1464 nequibat3
1874 1400 2076 1464 quam
2120 1381 2178 1444 si
2220 1384 2435 1466 respi-

250 1476 392 1555 cias,
423 1476 609 1543 facili
635 1482 899 1564 negotio
929 1481 1188 1565 poetaS,
1220 1483 1466 1566 quibus
1495 1483 1919 1547 nascentibus
1951 1483 2171 1547 Musae
2202 1480 2444 1549 anise-·

246 1579 374 1655 rint,
417 1581 506 1644 ab
535 1582 674 1646 illis
704 1585 936 1666 possis
966 1584 1371 1667 dignoscere,
1419 1587 1535 1669 qui
1565 1586 1850 1649 furorem
1880 1586 2257 1649 simulatum
2287 1588 2435 1671 qui-

247 1681 460 1747 basvis
508 1686 715 1748 rebus
770 1688 1020 1770 potiuS,
1066 1707 1273 1770 quam
1327 1688 1611 1753 fontium
1646 1688 2031 1756 divinorum
2081 1687 2435 1753 haustibus

247 1783 535 1865 debeant,
594 1789 861 1854 etiamsi
912 1788 984 1853 id
1040 1791 1286 1874 quavis
1339 1792 1592 1874 pagina
1648 1792 1754 1854 vel
1815 1790 2038 1854 verbis
2095 1794 2437 1875 conceptis

241 1887 460 1971 juren't.

320 1989 483 2056 Cum
514 1995 736 2058 omnis
766 1996 1070 2079 po'e‘tices
1098 1999 1269 2063 ratio
1298 1999 1482 2083 apud
1513 1998 1855 2063 Romanos
1885 1998 1953 2061 in
1979 1997 2153 2061 hunc
2190 2004 2436 2064 statum

247 2102 400 2159 esset
448 2097 701 2176 delata,
748 2106 820 2163 ut
867 2107 1004 2164 arte
1056 2103 1270 2185 magis
1310 2121 1506 2186 quam
1538 2102 1801 2184 ingenio
1831 2108 2173 2183 regeretur,
2204 2108 2437 2166 natum

246 2204 333 2263 est
356 2204 828 2286 panegyricum
860 2227 1062 2288 genus
1103 2210 1494 2287 carminum,
1527 2228 1658 2273 non
1683 2209 1877 2292 plane
1907 2208 2225 2272 hactenus
2255 2210 2438 2275 inau-

246 2300 452 2381 ditum,
514 2304 646 2368 sed
703 2309 931 2390 specie
989 2308 1232 2393 aliqua,
1287 2330 1490 2393 quam
1545 2312 1776 2394 origini
1827 2309 2078 2387 debuit,
2126 2312 2438 2394 singulari

243 2421 486 2470 novum.
586 2407 787 2487 Quod
844 2411 903 2474 si
946 2411 1118 2475 enim
1168 2419 1470 2478 naturam
1507 2413 1780 2478 'illorum
1830 2408 2196 2478 carminum
2227 2414 2440 2479 solam

192 2573 195 2576 ,
243 2517 509 2591 specteS,
548 2512 677 2575 huc
723 2512 953 2577 referri¹
975 2520 1260 2599 possunt
1302 2517 1546 2594 omnia,
1578 2516 1646 2579 in
1688 2516 1934 2599 quibus
1977 2515 2210 2580 laudes
2254 2517 2439 2581 Deo-

243 2629 368 2674 rum
397 2614 503 2677 vel
558 2614 827 2678 heroum
877 2616 986 2679 vel
1034 2618 1325 2681 virorum
1372 2618 1720 2681 illustrium
1773 2616 2268 2681 celebrabantur
2307 2637 2439 2682 non

243 2711 430 2796 lyrica
468 2715 599 2779 sed
628 2720 822 2800 epica
863 2719 1139 2798 ratione,
1186 2726 1258 2783 ut
1288 2720 1683 2784 Callimachi
1725 2720 1978 2803 hymni,
2008 2725 2083 2783 ut
2108 2718 2440 2783 Theocriti

244 2834 491 2882 carmen
559 2820 647 2883 ad
707 2819 1089 2898 Hieronem,
1153 2822 1493 2885 Hieroclis
1544 2822 1774 2898 filium,
1832 2821 2141 2884 ultimum
2167 2820 2437 2885 ‘Siciliae

244 2924 604 3001 tyrannum.
695 2922 1015 2988 Fortasse
1041 2926 1243 2989 etiam
1268 2925 1341 2987 in
1369 2925 1868 2989 recitationibus
1896 2921 2440 3007 podtamm‘pub-

244 3019 397 3101 licis,
442 3045 609 3107 quae
648 3027 717 3089 in
756 3025 942 3089 ludis
979 3025 1280 3110 Apollini
1308 3032 1375 3089 et
1404 3024 1630 3090 Musis
1656 3023 2087 3089 Alexandriae
2114 3024 2438 3088 institutis
2529 3097 2536 3104 ,

247 3122 494 3203 fiebant,
529 3126 766 3191 laudes
812 3128 1320 3192 Ptolemaeorum
1366 3130 1796 3191 canebantur.
1887 3126 2074 3190 Idem
2124 3126 2256 3190 fere
2298 3127 2442 3191 fac-

247 3230 369 3290 tum
415 3236 523 3295 est
578 3229 821 3296 Romae
862 3231 988 3294 sub
1033 3229 1372 3313 Augusto.
1461 3231 1902 3296 Illud-autem
1931 3249 2158 3312 genus,
2191 3228 2274 3293 de
2301 3249 2439 3313 quo

248 3354 400 3402 nunc
457 3340 748 3421 agimuS,
796 3347 1008 3405 ortum
1069 3342 1326 3406 videtur
1381 3362 1471 3406 ex
1527 3341 1940 3406 orationibus
1998 3340 2438 3422 panegyricis,

249 3439 471 3520 quibus
500 3441 792 3524 primum
836 3444 1143 3507 consules
1191 3444 1450 3508 suffecti
1510 3464 1591 3507 eo
1637 3443 1767 3520 die,
1825 3462 1962 3525 quo
2009 3460 2246 3503 munus
2294 3441 2440 3505 adi-

248 3539 410 3620 bant,
439 3544 514 3606 in
560 3552 791 3619 senatu
820 3545 1122 3609 solebant
1166 3544 1685 3628 Imperatoribus
1716 3544 1966 3625 gratias
2007 3560 2223 3623 agere,
2256 3543 2439 3625 quod

252 3642 468 3710 deinde
496 3648 700 3709 etiam
735 3647 822 3712 ab
864 3648 1013 3710 aliis
1034 3653 1039 3656 ⁴
1064 3654 1139 3711 et
1178 3647 1464 3712 diversis
1503 3647 1784 3731 >quidem
1833 3643 2244 3728 temporibus
2288 3662 2440 3710 esse

250 3743 715 3829 frequentatum
763 3749 1146 3831 reperimus,
1238 3748 1571 3832 Exempla
1615 3754 1972 3823 oratorum,
2031 3747 2329 3829 praemiis
2375 3743 2442 3813 et

252 3846 598 3913 honoribus
627 3852 715 3914 ob
742 3851 915 3914 hanc
946 3872 1082 3914 rem
1113 3853 1200 3916 ab
1231 3852 1755 3934 Imperator-ibus
1788 3859 2184 3926 ornatorum,
2229 3850 2441 3915 secuti

255 3957 387 4015 sunt
424 3952 677 4034 poetae,
722 3973 1112 4038 omnemque
1161 3960 1364 4018 artem
1415 3974 1609 4018 suam
1652 3953 1737 4018 ad
1783 3972 1889 4016 res
1919 3957 2143 4035 gestas
2183 3950 2439 4015 illorum

257 4053 660 4119 celebrandas
715 4057 1147 4122 contulerunt.
1239 4056 1326 4120 Et
1395 4057 1636 4142 cupide
1700 4075 1860 4120 sane
1911 4051 2465 4134 ingrediebantur&

256 4154 438 4233 vium,
484 4177 622 4240 qua
647 4159 798 4221 sola
824 4159 1092 4223 latranti
1135 4159 1480 4223 stomacho
1517 4165 1796 4243 possent
1822 4173 2238 4234 succurrere;
2282 4149 2437 4220 nam

259 4260 455 4332 omnis
495 4258 745 4324 laboris
791 4259 1076 4340 fructuS,
1124 4259 1477 4325 Musarum
1509 4257 1768 4325 'studiis
1811 4255 2112 4334 insumti,
2144 4256 2287 4342 jam
2303 4253 2440 4322 ‘Ju-
