2925 4928
503 387 638 455 222

502 547 781 613 Brontes
808 543 1164 611 innumeris
1193 552 1551 631 exasperat
1577 545 1799 629 aegida
1827 545 2072 630 signis:

501 647 734 713 Altum
760 649 1084 713 fulminea
1111 648 1401 733 crispare
1430 650 1501 713 in
1531 649 1798 714 casside
1828 668 2065 713 conum

504 750 809 816 Festinat
839 751 1194 835 Steropes;
1223 752 1430 817 nectit
1460 754 1735 818 thoraca
1763 752 2189 836 Pyracmon3

503 854 936 939 Ignifluisque
967 856 1167 936 gemit
1198 854 1440 938 Lipare
1472 856 1733 920 fumosa
1763 854 2095 920 cavernis.

510 955 725 1021 Vobis
757 956 955 1022 Ionia
986 956 1237 1023 virides
1271 956 1633 1040 Neptunus
1663 958 1733 1020 in
1762 957 1916 1041 alga

504 1057 736 1124 Nutrit
761 1080 1006 1144 equos:
1068 1060 1182 1143 qui
1212 1080 1466 1125 summa
1504 1060 1658 1124 freti
1688 1080 1811 1144 per
1838 1058 2095 1124 coerula
2125 1058 2384 1142 possint

505 1160 702 1224 Ferre
727 1163 930 1240 viam,
963 1169 1386 1245 segetemque
1414 1163 1551 1227 levi
1582 1179 1966 1245 percurrere
1996 1165 2221 1226 motu:

506 1262 792 1328 Nesciat
817 1271 891 1329 ut
920 1284 1224 1349 spumaS,
1255 1285 1381 1330 nec
1412 1270 1706 1349 proterat
1735 1264 1983 1346 ungula
2010 1265 2290 1328 culmos,

502 1362 549 1428 J
553 1384 661 1427 am
688 1364 885 1430 video
917 1367 1271 1452 Babylona
1298 1367 1474 1449 rapi,
1512 1367 1959 1451 Parthumque
1991 1370 2294 1430 coactum

1214 398 1328 450 cn.
1377 397 1807 451 CLAUDIAM
1856 399 1992 451 vll.

2578 745 2708 812 195

501 1534 673 1581 sudant
689 1532 743 1581 in
763 1534 927 1582 incude
950 1536 1155 1584 AEtnoea.
1220 1535 1427 1584 Brontes
1442 1534 1669 1598 insculpit
1691 1535 1744 1583 in
1763 1534 1923 1598 clypeo
1946 1533 2085 1595 signa
2105 1532 2298 1599 infinita
2316 1549 2337 1591 ,-
2369 1531 2594 1596 Steropes
2612 1545 2721 1595 pro·

498 1602 638 1661 perat
658 1599 934 1647 concinnare
954 1599 1006 1647 in
1017 1601 1154 1662 galea
1164 1598 1450 1659 framinanti
1472 1600 1653 1663 apicem
1673 1599 1914 1649 sublimem
1932 1616 1949 1647 .-
1986 1598 2257 1662 Pyracmon
2273 1597 2471 1659 colligat
2486 1597 2716 1654 loricam,-

503 1667 552 1711 et
571 1662 748 1726 Lipare
754 1662 951 1723 fumans
973 1665 1125 1725 mugit
1145 1665 1299 1714 antris
1309 1665 1637 1728 flammiferis.
1704 1666 1953 1728 Neptunus
1973 1664 2063 1712 alit
2087 1664 2217 1712 vobis
2239 1677 2378 1727 equos
2413 1663 2637 1711 coeruleos
2668 1662 2721 1711 in

502 1728 664 1776 littore
685 1728 837 1792 Ionio,
858 1730 938 1791 qui
958 1728 1145 1780 valeant
1163 1733 1357 1787 tendere
1386 1732 1483 1780 iter
1501 1746 1587 1794 per
1613 1737 1762 1794 terga
1795 1744 2011 1793 suprema
2033 1731 2179 1777 maris
2195 1729 2376 1791 glauci,
2406 1732 2454 1776 et
2470 1741 2722 1790 pererrare

500 1794 670 1842 cristas
689 1809 831 1843 curru
851 1794 990 1843 celeri
1012 1810 1033 1853 ,·
1068 1794 1197 1845 adeo
1234 1801 1289 1844 ut
1327 1811 1457 1858 seges
1472 1812 1564 1846 non
1580 1796 1756 1845 sentiat
1775 1810 1964 1858 spumas
1984 1810 2002 1851 ,⁰
2036 1800 2083 1844 et
2096 1796 2241 1856 pedes
2261 1807 2489 1857 equorum
2505 1808 2597 1842 non
2611 1808 2724 1854 pro-

502 1859 681 1908 culcent
693 1858 866 1924 spicas.
931 1861 1047 1909 Jam
1062 1875 1197 1910 cerno
1220 1860 1512 1925 Babylonem
1533 1862 1730 1925 vastari,
1771 1865 1820 1910 et
1839 1859 2048 1909 Parthos
2061 1859 2275 1908 subactos
2294 1864 2519 1920 metuere,
2538 1857 2724 1922 effugio

1438 1975 1495 1994 &O
1502 1973 1764 1994 ”OON‘OO
1768 1974 1798 1993 O

503 2058 748 2118 exasperet
794 2053 880 2104 ed.
908 2054 1080 2105 Parm.
1124 2061 1180 2105 et
1215 2054 1556 2106 vicen-494
1590 2054 1768 2106 Attum
1796 2055 1941 2105 Pric.
1995 2057 2206 2119 crispans
2221 2053 2375 2105 Med.
2400 2060 2524 2105 tert.
2579 2069 2728 2104 cornu

504 2120 628 2169 Vat.
674 2124 796 2175 tert.
832 2121 981 2168 Rott.
1020 2119 1168 2170 Med.
1200 2125 1443 2184 pr.—195
1482 2121 1696 2170 Festinet
1719 2121 1869 2171 Rott.
1896 2121 2060 2170 Oisel.
2086 2122 2273 2171 Petav.
2298 2135 2404 2169 sec.
2428 2128 2484 2171 et
2509 2127 2638 2169 tert.
2659 2135 2728 2169 m.

506 2199 587 2247 pr.
633 2184 833 2233 Bonon.
874 2183 1054 2233 Ambr.
1102 2199 1179 2246 pr.
1234 2187 1511 2250 Pyragmon
1534 2186 1658 2235 Put.
1701 2186 1829 2236 Lov.
1867 2186 2014 2236 Leid.
2046 2201 2148 2236 sec.
2169 2187 2299 2248 Reg.
2324 2186 2427 2234 duo
2450 2186 2729 2235 Moret.et

505 2249 695 2298 Petav.
734 2248 852 2298 duo.
874 2249 993 2297 edd.
1037 2249 1211 2300 Vicet.
1237 2250 1412 2299 Parm.
1435 2249 1556 2299 Am.
1580 2250 1771 2314 Isingr.
1795 2257 1851 2301 et
1875 2251 2169 2302 aliae.—196
2202 2249 2441 2314 Ignzfluus
2463 2251 2590 2299 Var.
2615 2251 2726 2300 LL.

508 2313 591 2364 ed.
615 2312 774 2363 Antv.
828 2313 1147 2378 Igniferisque
1193 2314 1328 2379 Reg.
1364 2316 1488 2366 Jun.
1538 2329 1616 2378 pr.
1660 2316 1829 2366 Oxon.
1853 2331 1933 2380 pr.
1969 2316 2114 2366 Med.
2139 2330 2245 2366 sec.
2301 2315 2489 2378 Lupare
2522 2315 2728 2364 Moret.

507 2392 616 2428 sec.
671 2378 845 2442 Lipate
858 2379 983 2428 Var.
1000 2379 1103 2428 LL.
1126 2379 1210 2429 ed.
1230 2380 1392 2428 Antv.
1434 2379 1625 2440 furiosa
1650 2380 1798 2430 Med.
1817 2385 2087 2430 sem—19⁷
2120 2381 2171 2429 in
2193 2382 2319 2429 unda
2336 2381 2419 2429 vel
2438 2382 2554 2443 alga
2579 2380 2728 2430 Med.

504 2447 842 2508 quarn—198
880 2458 957 2494 eos
999 2459 1094 2507 pro
1133 2460 1270 2508 equos
1306 2446 1449 2508 Vat„
1478 2452 1602 2496 tert.
1656 2461 1797 2510 equas
1836 2446 1957 2496 Put.
2009 2461 2096 2511 per
2132 2446 2295 2496 nubila
2333 2445 2479 2497 Prie.
2517 2450 2722 2510 possunt

508 2509 848 2559 (brom—199
865 2509 1033 2570 jubam
1049 2524 1144 2575 pro
1162 2513 1289 2559 viam
1311 2511 1505 2562 Moret.
1523 2526 1628 2560 sec.
1652 2511 1898 2561 Heinsius
1941 2513 2258 2576 ascripserat
2281 2525 2356 2561 ιν.
2390 2512 2546 2560 Cous.
2575 2512 2723 2560 Hon.

507 2578 621 2623 548.
675 2580 941 2637 segetesque
981 2575 1127 2625 Med.
1170 2581 1443 2626 sem—200
1479 2577 1678 2626 Nesciat
1711 2592 1763 2625 os
1797 2592 1983 2640 spumas
2007 2577 2153 2627 Med.
2179 2584 2300 2626 tert.
2355 2577 2509 2640 spicas
2527 2577 2728 2626 Moret-

502 2654 586 2703 pr.
621 2654 689 2688 m.
720 2654 826 2690 sec.
886 2654 946 2689 ne
982 2640 1109 2690 Vat.
1147 2655 1227 2702 pr.
1262 2642 1419 2690 Farn.
1454 2656 1546 2691 non
1588 2643 1788 2706 Mazar.
1836 2647 2048 2705 proteret
2083 2643 2205 2691 Vat.
2246 2657 2327 2706 pr.
2375 2642 2529 2691 Fam.
2565 2646 2730 2705 prote-

502 2710 594 2765 gat
631 2704 815 2754 Ambr.
859 2709 1099 2768 pr.-——201
1134 2707 1337 2769 Jamque
1371 2707 1500 2756 videt
1543 2707 1664 2757 Vat.
1709 2713 1831 2756 tert.
1877 2707 2022 2756 Rott.
2066 2707 2212 2757 Med.
2252 2721 2358 2755 sec.
2389 2707 2620 2756 Florem.
2662 2721 2729 2755 m.

508 2784 585 2833 pr.
626 2785 787 2835 marg.
828 2768 1015 2836 Isingr.
1056 2771 1302 2821 Heinsius
1340 2771 1554 2836 corrigit
1591 2773 1795 2836 Jamque
1829 2771 2003 2822 viden'.
2027 2772 2102 2821 sic
2127 2773 2400 2838 aliquoties
2440 2771 2581 2836 apud
2605 2773 2729 2821 Val.

1509 2903 1722 2954 NOTAE

510 2995 857 3060 Amphitrites
902 2997 1016 3060 filii,
1062 3000 1285 3049 Vulcani
1335 3001 1577 3064 ministri,

509 3073 585 3123 snt
607 3072 849 3123 dicuntur
870 3073 962 3124 ἀπὸ
982 3076 1071 3124 τοῦ
1100 3074 1297 3139 κύκλου,
1333 3093 1363 3127 α
1383 3077 1579 3141 circulo,

511 3155 650 3219 quod
691 3154 933 3206 dicantur
971 3148 1163 3207 habere
1197 3163 1400 3207 tantum
1419 3170 1578 3205 unum

509 3230 734 3292 oculum,
760 3233 905 3281 velut
927 3232 1190 3295 ingentem
1214 3232 1460 3282 circulum
1487 3237 1578 3280 aut

509 3307 708 3358 orbem.
774 3309 922 3373 Virg.
961 3309 977 3337 ‘
1000 3310 1231 3374 Argolici
1279 3310 1450 3375 clypei
1487 3318 1578 3361 aut

511 3384 758 3436 Phoebeae
782 3387 1036 3450 lampadis
1054 3387 1253 3439 instar!

574 3464 736 3515 Sicula
752 3467 941 3532 incude]
992 3467 1206 3533 AEtnaea,
1251 3482 1367 3534 quae
1401 3471 1487 3517 est
1524 3467 1578 3517 in

509 3540 707 3595 Sicilia.

577 3623 670 3668 193
709 3622 932 3684 Brontes,
995 3621 1230 3687 Steropes,
1288 3622 1580 3686 Pyracmon]

498 3692 637 3744 Tres
656 3698 877 3747 Vulcani
901 3699 1138 3749 ministri.
1204 3703 1427 3750 Brontes
1450 3699 1579 3750 dici·
1615 3729 1620 3732 -

511 3778 599 3821 tur
622 3770 715 3820 ἆπὸ
750 3776 837 3831 τῆς
870 3777 1092 3836 Βροντῆς,
1133 3792 1164 3825 a
1194 3776 1409 3825 tonum.-
1465 3776 1580 3826 Ste-

510 3859 684 3910 ropes,
721 3847 813 3896 ἀπὸ
861 3852 949 3908 τῆς
986 3854 1242 3915 zupus-iis,
1281 3867 1312 3901 a
1343 3851 1579 3914 fulgure.-

509 3922 821 4009 l'yracmon,
843 3927 991 3990 quasi
1012 3929 1120 3992 πῦρ,
1135 3928 1280 3992 ignis,
1319 3934 1375 3978 et
1403 3927 1577 3994 ἄκμων,

509 4012 662 4046 cneus.

1656 3015 1832 3065 eaprae
1872 3001 2203 3052 Amaltheae:
2252 3000 2389 3050 unde
2423 2998 2621 3049 dicitur
2645 2997 2732 3047 AE·

1657 3078 1755 3143 gis,
1773 3077 1866 3127 ἀπὸ
1887 3081 1975 3139 τῆς
1997 3077 2147 3141 αἰγὸς,
2165 3095 2195 3127 a
2216 3093 2374 3142 capra.

1722 3159 1817 3205 194
1854 3158 2078 3220 crispare
2121 3154 2308 3218 conum]
2379 3154 2731 3218 concinnare,

1659 3233 1898 3282 attollere
1920 3232 2137 3296 apicem,
2161 3231 2362 3281 cristas.

1724 3313 1819 3359 196
1855 3309 2052 3372 Lipare]
2091 3309 2208 3357 Una
2237 3322 2304 3357 ex
2327 3306 2503 3357 insulis
2527 3305 2733 3370 AEoliis,

1565 3411 1572 3419 ·
1658 3383 1864 3435 officina
1884 3385 2126 3435 Vulcani.

1726 3467 1819 3513 197
1856 3464 2105 3525 Neptunus
2125 3461 2280 3510 nutrit
2308 3457 2467 3524 equos]
2521 3457 2733 3508 Primus

1660 3552 1912 3604 equorum
1936 3543 2143 3588 creator
2175 3544 2329 3602 atque
2369 3535 2596 3585 domitor
2640 3552 2733 3586 vo-

1658 3615 1737 3665 bis
1778 3615 1872 3663 alit
1916 3628 2075 3679 equos
2118 3613 2556 3678 generosissimus.
2625 3613 2732 3663 Cui

1659 3695 1929 3757 Neptuno,
1976 3707 2043 3742 ex
2079 3692 2318 3756 Virgilio,
2363 3692 2379 3720 ⁶
2405 3693 2576 3755 prima
2625 3691 2734 3743 fre·

1658 3779 1884 3819 mentem
1923 3770 2084 3819 Fudit
2120 3783 2310 3832 equum
2348 3768 2503 3818 tellus
2536 3783 2732 3833 magno
2819 3765 2822 3770 '

1660 3862 1908 3911 percussa
1928 3845 2191 3896 tridente.’

1721 3922 1874 3986 Alga]
1908 3924 2006 3973 Est
2021 3922 2181 3971 herba
2199 3922 2417 3971 marina.

1723 4000 1882 4063 Ionia]
1912 3999 2053 4049 Asiae
2069 3998 2282 4049 minoris
2301 3997 2463 4063 regio,
2499 3997 2616 4047 coeli
2639 3997 2732 4046 bo-

576 4074 872 4139 Eaeasperat]
918 4075 1177 4141 Asperum
1202 4080 1376 4132 reddit
1398 4082 1576 4146 clype-
1620 4077 1824 4130 ,nitate
1881 4082 1937 4126 et
1991 4077 2121 4126 situs
2173 4074 2543 4125 commoditate
2587 4075 2731 4124 cele-

510 4163 617 4210 um,
641 4150 912 4215 insculptis
937 4154 1112 4202 multis
1141 4154 1318 4218 signis.

575 4225 779 4289 AEgida]
846 4229 1097 4293 Clypeum
1139 4247 1153 4279 z
1204 4231 1348 4295 AEgis
1399 4238 1576 4284 autem

1658 4155 1827 4278 ιῃξίῒὶαῑο
1839 4226 2106 4293 Babylona]
2126 4227 2380 4292 Babylon,
2394 4225 2573 4292 (vulgo
2587 4226 2728 4288 Bag·

509 4301 785 4353 eratJovis
802 4305 1035 4369 clypeus,
1053 4311 1326 4358 contextus
1348 4322 1415 4357 ex
1436 4309 1577 4373 pelle
1654 4308 1758 4370 dat,
1772 4322 1887 4372 quoe
1913 4306 2036 4356 urbs
2056 4310 2255 4360 mutato
2272 4306 2385 4355 loco
2403 4303 2476 4353 sic
2498 4302 2725 4364 dicitur3
