2925 4928
464 425 605 491 274

1164 439 1284 488 01..
1331 435 1758 489 cssAUmANl
1811 437 1978 486 vina

473 587 639 652 Dux
667 591 870 670 gerat,
903 585 1208 651 ostendat
1236 584 1581 649 Gallorum
1611 589 1823 667 strage
1852 582 2198 649 Camillus.

463 682 774 755 “Discitur
799 689 953 753 hinc
985 687 1204 750 nullos
1233 688 1483 752 meritis
1509 687 1829 751 obsistere
1859 705 2093 753 casus:

470 792 796 874 Prorogat
833 798 1145 855 aeternam
1177 789 1396 853 feritas
1426 790 1551 853 tibi
1581 789 2143 867 Punicafamam,

2541 789 2681 856 410

470 893 770 975 Regale:
818 912 1176 957 successus
1208 897 1524 976 superant
1547 892 1830 957 adversa
1854 892 2148 958 Catonis,

468 994 767 1060 Discitur
789 995 969 1072 hinc,
1016 998 1328 1078 quantum
1356 1001 1723 1078 paupertas
1747 995 1973 1060 sobria
2004 997 2263 1079 possit:

462 1097 738 1181 Pauper
763 1102 905 1162 erat
935 1097 1200 1175 CuriuS,
1248 1096 1472 1180 Reges
1502 1116 1654 1163 cum
1683 1100 1972 1163 vinceret
2001 1100 2236 1164 armis:

466 1202 734 1285 Pauper
767 1201 1139 1277 FabriciuS,
1175 1200 1409 1284 Pyrrhi
1440 1220 1592 1264 cum
1624 1207 1959 1285 sperneret
1986 1221 2238 1265 aurum.

467 1302 753 1369 Sordida
782 1302 1103 1367 Serranus
1127 1302 1316 1367 flexit
1348 1303 1656 1368 Dictator
1687 1310 1940 1371 aratra:

2535 1303 2676 1369 415

467 1406 796 1472 Lustratae
827 1407 1059 1470 lictore
1086 1425 1292 1484 casae,
1322 1405 1670 1491 fascesque
1701 1406 1977 1489 salignis

456 1558 718 1621 patefaciat
736 1558 848 1623 quid
870 1558 1107 1608 cunctatio
1120 1563 1414 1621 perrumpat,
1453 1562 1510 1606 et
1535 1557 1766 1606 Camillus
1784 1558 1914 1607 clade
1939 1558 2201 1621 Gallorum,
2222 1559 2338 1622 quid
2370 1559 2491 1613 Dua·
2507 1557 2672 1617 faciant

462 1623 727 1683 infortuna
758 1625 969 1672 adversa.
1034 1624 1169 1672 Hinc
1190 1624 1484 1685 cognoscitur
1500 1624 1674 1672 nullam
1696 1623 1957 1673 Fortunam
1994 1625 2212 1673 resistere
2241 1624 2429 1673 virtuti.
2497 1624 2547 1673 0
2573 1623 2674 1672 Re-

457 1689 588 1751 gale,
618 1690 871 1737 crmletitas
907 1689 1323 1750 Carthaginiensis
1358 1693 1609 1752 perpetuat
1645 1688 1736 1736 tibi
1762 1689 1964 1750 gloriam
1995 1689 2339 1752 sempiternam.
2406 1687 2675 1748 Infeticitas

465 1753 661 1801 Catonis
674 1754 821 1803 vincit
830 1753 1119 1811 felicitatem
1142 1768 1359 1803 omnem.
1421 1754 1556 1802 Hinc
1575 1755 1870 1814 cognoscitur
1892 1760 2116 1816 quantum
2147 1760 2403 1818 paupertas
2423 1756 2673 1803 moderata

460 1818 646 1867 valeat.-
686 1820 861 1879 Curius
898 1824 1002 1867 erat
1040 1834 1238 1882 pauper,
1269 1835 1371 1867 cum
1403 1823 1648 1881 superaret
1681 1818 1838 1880 Reges
1878 1820 1926 1866 vi
1970 1834 2220 1870 armorum.
2289 1819 2536 1870 Fabricius
2553 1824 2673 1869 erat

452 1897 651 1947 pauper,
671 1899 778 1932 cum
798 1889 1110 1933 contemneret
1138 1899 1304 1933 aurum
1330 1885 1529 1946 Pyrrhi.
1596 1884 1834 1932 Serranus
1872 1885 2101 1933 Dictator
2141 1884 2272 1934 rexit
2311 1891 2526 1934 aratrum
2555 1884 2670 1933 vite.

465 1947 728 2010 Tragurium
749 1949 898 2013 liujus
920 1950 1267 1998 cohonestatum
1290 1957 1372 1998 est
1394 1948 1653 2011 lictoribus,
1688 1955 1734 1997 et
1740 1949 1903 2010 fasces
1923 1950 2115 2012 alligati
2138 1956 2256 1999 sunt
2269 1948 2461 2010 foribus
2478 1948 2669 2011 ligneis.

1383 2063 1436 2081 OC
1443 2064 1526 2082 ’θ’
1535 2060 1643 2080 ‘Off‘
1650 2062 1738 2081 OOC

461 2127 798 2175 sec.'ostendet
823 2134 1045 2191 quatuor
1060 2127 1160 2176 alii.
1182 2132 1384 2176 ostentat
1408 2127 1603 2176 Moret.
1627 2142 1705 2190 pr.
1726 2129 1851 2178 coede
1875 2143 1968 2193 pro
1989 2133 2150 2192 strage
2164 2130 2526 2179 ‘ninam—409
2557 2125 2673 2176 hinc

461 2190 605 2239 Med.
632 2198 752 2241 tert.
784 2192 891 2239 huic
916 2193 1063 2241 Rott.
1097 2194 1172 2240 hic
1195 2194 1392 2242 Mazar.
1427 2193 1596 2241 mentis
1617 2208 1711 2254 pro
1752 2195 1935 2244 meritis
1957 2192 2250 2257 neg-410
2283 2194 2364 2243 hic
2387 2200 2441 2241 et
2458 2191 2560 2240 duo
2584 2206 2670 2241 se-

462 2263 684 2318 quentes
711 2270 887 2305 versus
911 2258 1098 2306 desunt
1128 2259 1179 2304 in
1225 2258 1372 2307 Med.
1397 2266 1569 2321 quart.
1604 2258 1836 2320 Porrigat
1881 2260 2025 2309 Med.
2060 2265 2183 2309 tert.
2217 2265 2443 2309 aeternum
2465 2256 2669 2307 Moret.

452 2324 726 2370 'sem—411
761 2327 982 2384 superant
1006 2324 1129 2385 Reg.
1152 2329 1370 2385 superant
1416 2323 1498 2370 vel
1538 2337 1760 2385 superans
1782 2323 1955 2373 Oxou.
1991 2328 2236 2387 pru—412
2273 2325 2380 2373 hinc
2411 2322 2560 2371 Leid.
2585 2336 2669 2385 pr.

458 2385 653 2435 Moret.
677 2400 782 2437 sec.
802 2387 902 2435 duo
929 2387 1098 2436 Oxou.
1122 2388 1247 2435 Var.
1271 2389 1374 2436 LL.
1400 2387 1481 2436 ed.
1509 2387 1666 2436 Antv.
1701 2388 1777 2437 hic
1802 2388 1918 2439 Pat.
1944 2398 1998 2439 et
2018 2388 2140 2439 Ald.
2166 2391 2216 2438 in
2239 2387 2529 2438 octodecim
2555 2387 2668 2449 alii,

458 2451 590 2500 Exc.
628 2452 844 2502 Lucens.
871 2467 948 2516 pr.
974 2452 1058 2501 ed.
1079 2453 1253 2502 Parm.
1278 2460 1333 2502 et
1349 2454 1526 2503 Vicet.
1551 2453 1653 2502 vid.
1679 2453 1870 2504 Castal.
1897 2455 1949 2504 in
1974 2454 2141 2505 Rutil.
2164 2471 2214 2519 p.
2239 2459 2318 2506 53.
2345 2459 2423 2506 54.
2457 2451 2598 2515 [Lib.
2626 2469 2667 2506 1.

458 2515 567 2579 46.]
599 2518 749 2580 poscit
788 2519 910 2567 Vat.
950 2525 1072 2568 tert.
1113 2519 1252 2567 Rott.
1288 2520 1520 2569 Florent.
1558 2520 1754 2568 Mazar.
1785 2522 1936 2584 possit
1974 2528 2175 2584 septem
2199 2521 2303 2569 alii.
2337 2519 2488 2584 prosit
2528 2520 2667 2583 conj.

458 2581 803 2632 Heium—413
837 2599 939 2632 cum
960 2598 1097 2644 reges
1119 2584 1324 2632 vinceret
1345 2585 1490 2633 Med.
1515 2594 1683 2649 quart.
1709 2585 1837 2634 Exc.
1863 2587 2011 2635 Voss.
2039 2585 2160 2634 Ald.
2181 2601 2314 2647 reges
2335 2587 2515 2634 vicerat
2533 2585 2666 2637 Var.

459 2647 563 2696 LL.
583 2647 668 2696 ed.
691 2647 846 2697 Antv.
879 2664 1037 2710 regem
1060 2650 1253 2699 Moret.
1278 2653 1518 2713 [in—414
1553 2650 1658 2698 Hic
1681 2664 1859 2699 versus
1899 2650 1951 2699 in
1992 2652 2185 2700 Mor-et.
2219 2667 2296 2714 pr.
2325 2650 2543 2711 margini
2582 2657 2666 2702 est

456 2712 899 2775 ascriptum—415
935 2714 1160 2763 Dictator
1199 2714 1432 2764 Serranus
1456 2714 1606 2777 flexit
1640 2717 1760 2765 Vat.
1784 2716 1945 2781 quint.
1981 2717 2206 2766 Dictator
2232 2716 2377 2778 flexit
2424 2716 2665 2765 Serranus

457 2776 605 2824 Med.
628 2784 750 2828 tert.
776 2778 949 2827 Oxon.
975 2794 1052 2840 pr.
1079 2779 1222 2828 Leid.
1247 2795 1353 2829 sec.
1380 2780 1508 2829 Exc.
1534 2781 1752 2830 Lucens.
1775 2796 1854 2842 pr.
1890 2781 2035 2829 vertit
2056 2783 2287 2831 Dictator
2306 2779 2488 2831 Ambr.
2512 2796 2664 2844 ρι’.-

455 2845 551 2892 416
573 2840 710 2901 faces
731 2857 825 2906 pro
847 2858 966 2893 casoe
988 2844 1179 2894 Morct.
1205 2859 1284 2909 pr.
1311 2860 1377 2893 m.
1405 2860 1484 2909 pr.
1509 2846 1697 2908 siliginis
1720 2847 1909 2897 Moret.
1926 2851 2195 2896 sem—417
2213 2846 2371 2914 affixit
2396 2855 2501 2897 vet.
2529 2847 2660 2911 Gyr.

1456 2957 1668 3007 NOTAE

520 3051 618 3096 408
652 3046 901 3112 Camillus]
934 3048 1038 3098 Hic
1056 3049 1297 3098 Dictator
1320 3046 1520 3107 Gallos,

454 3124 621 3173 Roma
634 3123 854 3188 direpta,
871 3125 1182 3189 Capitolium
1202 3124 1520 3187 obsidentes,

457 3208 513 3249 et
536 3215 566 3250 e
600 3207 779 3264 pacto,
795 3202 1068 3267 pendendo
1110 3218 1235 3252 auro
1273 3203 1521 3266 intentos,

451 3279 529 3327 nil
548 3279 653 3329 tale
670 3281 962 3343 opinantes,
976 3281 1291 3345 oppressisse
1308 3280 1517 3330 dicitur.

451 3354 610 3426 Unde
633 3356 801 3407 dictus
840 3364 920 3406 est
958 3359 1091 3407 alter
1127 3357 1397 3418 Romulus,
1445 3360 1516 3406 al-

448 3438 638 3498 terque
665 3435 804 3485 urbis
828 3435 1082 3485 conditor.
1137 3436 1314 3498 Negat
1337 3451 1367 3484 a
1391 3436 1517 3486 Gal·

446 3510 510 3558 lis
523 3523 703 3560 aurum
723 3519 984 3562 extortum
1002 3527 1135 3574 esse,
1150 3521 1203 3562 et
1223 3513 1376 3562 docte
1397 3528 1514 3577 pro-

449 3587 541 3637 bat
566 3587 869 3638 Gosselinus
889 3595 1086 3652 noster,
1101 3590 1154 3637 iu
1172 3590 1411 3639 Historia
1426 3603 1514 3638 ve-

453 3670 622 3711 terum
646 3665 936 3714 Gallorum.
962 3666 1094 3729 Cap.
1115 3671 1197 3715 40.

523 3743 623 3788 409
656 3740 877 3790 Discitur
895 3742 1027 3803 hinc]
1072 3744 1117 3791 E
1161 3742 1314 3791 rebus
1354 3742 1513 3806 gestis

446 3822 683 3865 veterum
738 3819 969 3867 Heroum
1015 3820 1349 3883 cognoscitur
1385 3822 1513 3870 nihil

447 3905 562 3941 esse
609 3892 746 3956 quod
785 3893 967 3943 virtuti
1023 3894 1189 3956 possit
1246 3896 1510 3947 resistere.

444 3970 461 3997 ‘
486 3965 637 4017 Invia
657 3969 838 4018 virtuti
856 3971 995 4019 nulla
1009 3976 1089 4019 est
1112 3971 1234 4020 via.’

510 4049 609 4095 410
643 4046 853 4109 Punica]
889 4047 1090 4097 Feritas
1114 4048 1508 4113 Carthaginien-

444 4118 593 4188 sium,
632 4129 720 4192 qui
749 4127 874 4178 dicti
898 4137 1019 4178 sunt
1042 4130 1210 4193 Poeni,
1249 4146 1282 4179 a
1302 4123 1508 4181 Phoeni·

445 4204 529 4254 cia
551 4205 759 4267 regione
789 4203 949 4270 Asiae,
983 4208 1119 4257 unde
1139 4208 1240 4259 orti
1264 4216 1415 4271 sunt3
1452 4216 1509 4260 et

446 4279 566 4330 hinc
591 4280 837 4331 Punicus.
1374 4289 1375 4294 ’

510 4362 605 4408 411
643 4359 845 4425 Regale]
889 4360 1105 4414 Marcus
1151 4360 1514 4434 AttiliusRJe-

1602 3049 1748 3112 gulus
1792 3056 1908 3099 arte
1957 3050 2216 3113 Xantippi
2277 3041 2665 3100 Lacedaemonii

1601 3133 1804 3189 captus,
1824 3141 2050 3191 moxque
2075 3127 2139 3175 de
2162 3127 2518 3191 permutandis
2535 3142 2660 3192 cap·

1601 3203 1721 3251 tivis
1739 3204 1953 3253 Romam
1977 3206 2178 3268 missus,
2195 3205 2543 3255 conditionem
2558 3204 2661 3253 dis·

1602 3281 1781 3342 suasit,
1798 3282 2110 3346 reJectisqne
2135 3298 2164 3331 a
2187 3297 2241 3331 se
2267 3282 2487 3345 conjuge
2510 3288 2565 3330 et
2599 3281 2658 3331 15²

1602 3356 1757 3421 beris,
1810 3359 2189 3422 Carthaginem,
2229 3367 2289 3407 ut
2327 3358 2658 3421 promiserat,

1597 3431 1773 3494 rediit,
1829 3433 1920 3481 ubi
1963 3434 2013 3482 in
2055 3447 2228 3482 arcam
2266 3433 2490 3496 ligneam
2536 3447 2658 3482 con·

1586 3510 1761 3573 jectus
1779 3511 1938 3560 clavis
1961 3511 2241 3560 introrsum
2277 3510 2495 3571 adactiS,
2528 3510 2656 3573 vigi-

1594 3587 1677 3637 liis
1701 3602 1761 3636 ac
1783 3588 1958 3638 dolore
2003 3588 2265 3637 extinctus
2287 3594 2384 3637 est.
2450 3588 2658 3650 ‘Regu-

1593 3664 1673 3712 lus
1694 3670 1807 3713 toto
1831 3678 2050 3728 corpore
2072 3669 2249 3714 cruces
2273 3663 2510 3728 patitur!
2531 3664 2655 3713 Ter-

1594 3740 1855 3790 tullianus.
2640 3759 2646 3768 ⁴

1657 3819 1872 3868 Adversa
1897 3818 2118 3882 Catonis]
2182 3819 2400 3869 Catonis
2423 3818 2654 3871 adversi³
2681 3861 2684 3868 ,

1592 3901 1729 3944 tates
1773 3895 2005 3945 Hei-oica
2064 3896 2356 3945 constantia
2398 3898 2655 3962 toleratae,

1591 3970 1937 4036 praeferendae*
1978 3981 2100 4023 sunt
2138 3973 2403 4037 prosperis
2436 3975 2654 4037 aliorum

1586 4051 1928 4101 successibus.

1651 4133 1747 4196 413
1783 4129 1974 4188 Curius,
1996 4127 2261 4189 Fabricius,
2279 4128 2533 4194 Serv-auus]
2563 4130 2649 4180 De

1587 4207 1667 4258 his
1692 4206 1925 4257 omnibus
1948 4207 2039 4259 lib.
2066 4222 2106 4258 1.
2143 4208 2196 4257 in
2229 4205 2350 4259 Rus.
2374 4223 2421 4259 v.
2442 4211 2558 4260 200.
2588 4214 2652 4260 et

1590 4300 1738 4352 seqq.
