2925 4928
818 403 915 451 DE
964 402 1191 451 NUPT.
1240 399 1526 449 HoNoR.
1576 401 1668 449 ΕΤ
1719 402 1905 451 MAR.

2337 387 2469 454 311

265 545 589 632 Deposui,
614 548 923 631 gessique
952 566 1223 631 procum
1250 565 1267 610 t
1319 548 1401 611 de
1434 548 1661 611 limine
1690 567 1884 613 sacro

266 650 547 715 Gratum
575 650 735 714 misi
764 667 1096 736 proceres,
1130 651 1244 734 qui
1272 652 1589 733 ‘proxima
1616 652 1814 715 nobis

258 754 302 817 J
306 774 433 818 ura>
453 761 696 819 tenent.

789 755 1055 831 Fateor,
1083 755 1436 828 Stilichon,
1468 775 1603 819 non
1631 765 1847 838 parva
1873 753 2202 839 poposci:

262 856 389 920 Sed
420 865 600 921 certe
627 877 885 922 mereor
914 858 1265 941 PrincepS,v
1294 859 1423 923 hoc
1454 859 1776 942 Principe
1805 866 2030 937 natue,

2377 817 2467 922 ss

262 958 395 1037 Qui
428 962 561 1025 sibi
595 968 665 1024 te
694 981 1001 1044 generum
1030 961 1327 1027 fraterna
1356 963 1545 1045 prole
1575 963 1892 1041 revinxit,

250 1061 390 1126 Cui
422 1062 714 1128 Mariam
740 1063 965 1128 debeS.

1058 1065 1319 1129 Foenus
1348 1066 1512 1130 mihi
1542 1065 1730 1131 solve
1758 1074 2128 1150 paternum.

267 1164 498 1230 Redde
533 1187 692 1231 suos
725 1170 920 1236 aulae.
1011 1168 1238 1234 Mater
1265 1171 1549 1236 sortasse
1580 1172 1798 1254 rogari

268 1267 560 1334 Mollior.

650 1269 709 1333 Ο
738 1272 961 1353 patrui
990 1289 1280 1354 germen,
1310 1274 1421 1338 cui
1450 1275 1737 1338 nominis
1764 1274 1981 1338 haeres

264 1436 465 1499 teriam,
479 1442 528 1486 et
539 1438 619 1499 egi
628 1453 710 1487 me
728 1453 933 1502 procum.
971 1441 1228 1504 Primores,
1242 1444 1322 1506 qui
1334 1449 1561 1508 occupant
1572 1447 1719 1493 locum
1731 1446 2038 1508 propinquum
2052 1437 2199 1505 nobis,
2211 1440 2342 1491 missi
2358 1446 2477 1489 sunt

266 1518 330 1551 ex
349 1505 457 1552 aulo
477 1509 667 1552 saerata
689 1505 925 1565 rogaturi.
987 1506 1243 1572 Confiteor,
1263 1524 1292 1557 o
1317 1507 1538 1572 Stilicho,
1558 1525 1652 1559 non
1671 1510 1819 1572 petivi
1839 1524 1946 1558 rem
1964 1509 2204 1570 eat-ignom,
2219 1513 2271 1556 ot
2290 1506 2478 1570 quidem

263 1570 358 1617 hac
378 1569 555 1630 dignus
571 1584 673 1617 sum
695 1584 793 1632 ego
812 1571 1077 1633 Imperator
1091 1573 1317 1622 oriundus
1331 1577 1420 1623 toli
1435 1575 1727 1638 Imperatore
1742 1575 2054 1637 Theodosio,
2064 1575 2142 1637 qui
2160 1572 2374 1622 devinxit
2389 1570 2481 1619 sibi

267 1640 315 1682 te
328 1648 556 1695 generum
572 1647 669 1698 per
690 1635 855 1700 filiam
863 1636 1062 1698 fratris,
1078 1638 1156 1686 cui
1175 1639 1314 1687 debes
1343 1641 1573 1690 Mariam.
1613 1642 1832 1703 Repende
1849 1639 1968 1688 mihi
1991 1655 2181 1687 usuram
2197 1643 2446 1702 poter-nom
2465 1651 2482 1685 .·

260 1700 460 1748 restitue
480 1700 798 1763 suospalotio.
833 1701 1027 1750 Serena
1047 1710 1200 1752 muter
1217 1705 1397 1753 Μανία
1404 1705 1577 1763 forsan
1582 1705 1782 1765 facilior
1795 1713 1875 1753 est
1897 1706 2103 1754 exorari.
2144 1706 2190 1752 0
2205 1703 2378 1752 soboles
2394 1716 2479 1765 po-

258 1765 367 1814 trun·
397 1764 500 1813 mei
535 1764 788 1816 Honorii:
823 1767 901 1815 cui
923 1781 1022 1831 ego
1054 1768 1317 1819 Honorius
1339 1771 1541 1820 successi
1567 1772 1715 1819 lueres
1736 1770 1934 1819 nominis
1958 1768 2210 1834 ejusdem,
2226 1783 2257 1818 o
2280 1768 2476 1817 Serene

1198 1899 1553 1918 OO‘O‘ONO‘OO

254 1981 416 2029 timur
435 1982 631 2031 'ninan-
658 1983 869 2043 fastidia
888 1984 1010 2033 Vat.
1054 1999 1133 2048 pr.
1156 1984 1361 2047 simplex
1391 1985 1675 2035 Fara—32
1706 1983 1909 2047 cessique
1944 1984 2107 2048 procul
2138 1980 2283 2032 Med.
2308 1985 2479 2045 quart.

259 2060 457 2109 procum
481 2050 565 2097 vel
589 2051 753 2111 procul
778 2048 920 2098 Med.
945 2054 1179 2099 sem—33
1217 2053 1441 2099 Ortatum
1462 2051 1617 2102 Farn.
1642 2050 1750 2099 misi
1773 2055 1993 2114 quatuor
2014 2050 2161 2097 Vatt.
2186 2047 2299 2096 Pal.
2339 2046 2479 2097 Prie.

264 2111 417 2161 Rott.
447 2113 581 2162 missi
602 2115 727 2164 Vat.
753 2121 875 2164 tert.
902 2115 1044 2164 Med.
1068 2130 1172 2164 sec.
1208 2116 1333 2165 Put.
1372 2116 1563 2165 Petav.
1589 2124 1710 2166 tert.
1735 2114 1916 2165 Ambr.
1952 2120 2076 2163 tert.
2099 2114 2210 2163 misi
2242 2113 2324 2161 vel
2347 2112 2480 2160 missi

267 2176 430 2236 Med„
452 2192 532 2240 pr.
572 2180 766 2229 Moret.
807 2194 886 2242 pr.
912 2179 1112 2228 Stilicho
1133 2180 1257 2229 Vst.
1282 2195 1359 2244 pr.
1397 2181 1571 2230 Stilieo
1617 2181 1735 2230 Vat.
1759 2196 1862 2230 sec.
1886 2180 2052 2240 fateor
2072 2178 2242 2228 Stilieo
2267 2177 2482 2239 triginta

265 2239 380 2290 fere
403 2242 570 2293 Codd.
586 2245 717 2294 Exc.
743 2244 964 2293 Lucens.
1001 2259 1081 2309 pr.
1112 2245 1241 2294 Var.
1264 2246 1371 2294 LL.
1412 2261 1441 2295 e
1461 2261 1626 2310 marg.
1650 2246 1827 2295 Parm.
1851 2253 1906 2294 et
1929 2245 2048 2294 edd.
2084 2244 2257 2293 Vicet.
2304 2243 2484 2292 Parm.

263 2307 449 2368 Isingr.
471 2309 674 2372 Gryph.
698 2310 868 2362 Coiin.
896 2325 1048 2372 parvo
1071 2310 1152 2359 vel
1181 2326 1331 2373 pravo
1354 2310 1479 2361 Pur.
1513 2312 1704 2375 poposci
1733 2312 1815 2360 vel
1836 2310 2017 2374 reposci
2040 2308 2209 2358 Oxou.
2250 2311 2479 2358 sem—35

260 2372 342 2421 Iu'e
382 2374 597 2437 principe
621 2375 749 2427 Cod.
772 2374 950 2438 Epigr.
984 2374 1166 2425 Ambr.
1232 2375 1292 2425 Si
1319 2377 1532 2439 principe
1557 2377 1698 2427 Med.
1715 2383 1839 2426 tert.
1860 2381 1907 2425 et
1943 2375 2157 2440 principe
2172 2374 2296 2423 Vnt.
2320 2372 2485 2438 quint.

265 2453 322 2487 oe
338 2439 558 2503 principe
580 2441 703 2490 Vnt.
727 2447 895 2505 quart.
915 2440 1000 2490 hoc
1010 2441 1225 2505 principe
1242 2442 1429 2506 viginti
1449 2443 1557 2504 alii,
1573 2443 1701 2495 Exc.
1723 2442 1925 2492 Schott.
1943 2448 1998 2491 et
2021 2441 2239 2492 Lucens.
2257 2454 2335 2504 pr.
2360 2439 2486 2490 Vsr.

269 2504 376 2554 LL.
412 2520 443 2555 e
466 2507 715 2570 Tmargine
751 2508 926 2556 Parin.
968 2509 1029 2556 de
1056 2507 1273 2571 principe
1312 2515 1418 2557 vet.
1452 2509 1728 2572 (ἶφι-,ναι
1753 2509 1858 2557 LL.
1903 2507 1987 2557 ed.
2025 2505 2185 2556 Antv.
2227 2507 2311 2554 sed
2347 2505 2484 2568 prin-

266 2569 369 2633 cipe
391 2571 517 2622 Jun.
543 2576 757 2634 pr.-—36
788 2576 907 2621 mole
947 2571 1243 2622 Oise1.-—37
1279 2572 1487 2636 differs?
1521 2573 1643 2624 Ald.
1666 2573 1802 2623 debes
1821 2571 2007 2636 viginti
2030 2572 2132 2620 duo
2154 2569 2316 2621 Codd.
2355 2571 2487 2620 Exc-

269 2634 494 2686 aneuS.
514 2651 593 2701 pr.
613 2638 736 2688 Var.
771 2638 872 2688 LL.
896 2653 925 2686 e
947 2652 1107 2701 marg.
1130 2639 1305 2688 Parm.
1342 2638 1427 2688 ed.
1465 2640 1634 2689 vicet.
1657 2639 1804 2699 sense
1824 2638 2024 2687 Bonon.
2054 2636 2221 2697 soedus
2263 2640 2485 2700 quatuor

268 2700 413 2751 Vatt.
435 2701 552 2752 Pal.
590 2702 735 2754 Rott.
754 2702 917 2762 foenus
952 2703 1110 2753 Oisel.
1137 2703 1325 2753 Petav.
1349 2719 1453 2753 sec.
1481 2704 1641 2764 soenus
1664 2705 1746 2752 vel
1768 2704 1931 2762 soedws
1951 2703 2072 2751 Vnt.
2098 2716 2176 2764 pr.
2196 2702 2382 2749 Petsv.
2404 2713 2482 2762 pr.

269 2773 323 2814 et
336 2766 479 2816 Prie.
499 2767 748 2817 Heinsius
766 2767 1072 2832 ascripserat
1084 2768 1200 2818 locs
1222 2770 1471 2831 Propert-
1497 2769 1611 2821 Lib.
1634 2783 1674 2821 1.
1707 2770 1793 2818 El.
1808 2773 1855 2819 7.
1878 2775 1934 2818 et
1956 2767 2072 2817 Lib.
2095 2780 2185 2815 ιιι.
2206 2766 2352 2830 Eleg.
2372 2770 2488 2815 1.·-—-

268 2834 332 2881 38
347 2837 456 2881 tuos
479 2832 763 2883 Farn.-——39
784 2834 839 2882 ob
860 2833 992 2884 Cod.
1014 2833 1206 2884 Ursini.
1228 2836 1442 2897 patrium
1461 2836 1585 2886 Jun.
1606 2851 1680 2898 pr.
1720 2834 1969 2884 Heinsius
1992 2833 2123 2897 legit
2131 2836 2371 2897 patr-nat.
2407 2829 2488 2880 eui
2539 2836 2540 2839 ’

1271 2985 1492 3035 ΝΟΤῙΕ

270 3097 485 3162 niorem,
509 3100 600 3165 qui
630 3098 763 3149 filios
786 3099 967 3150 habuit
989 3100 1333 3150 Theodosium
1417 3099 1547 3148 dans
1597 3113 1809 3147 uxorem
1866 3097 2114 3147 Serenam
2172 3093 2351 3144 fratris
2405 3093 2485 3143 sni

272 3177 542 3241 Magnum,
599 3184 656 3227 et
710 3178 997 3227 Honor-ium
1048 3179 1331 3228 seniorem:

1418 3176 1639 3226 Honorii
1663 3172 1844 3240 filiam,
1867 3184 1923 3224 et
1944 3190 1976 3223 a
2011 3186 2065 3223 se
2090 3172 2412 3237 adoptatam,
2432 3178 2486 3222 te

268 3253 419 3316 hujus
459 3253 685 3303 Honorii
719 3251 879 3303 filiam
913 3254 1158 3303 Serenam
1197 3254 1338 3304 Stili-
1417 3254 1546 3305 fecit
1572 3270 1717 3304 suum
1739 3269 2001 3319 generum.

242 3329 367 3391 ‚cho
403 3344 622 3379 uxorem
657 3329 910 3379 duxerat:
948 3343 1014 3378 ex
1051 3330 1245 3381 Serena
1285 3338 1339 3379 et

269 3404 557 3472 Stilichone
592 3412 715 3454 nata
737 3414 819 3455 est
840 3406 1032 3465 Maria,
1053 3422 1167 3471 qnae
1191 3407 1342 3456 nubit

276 3482 508 3533 Honorio
546 3482 773 3546 juniori:
824 3483 943 3531 hinc
985 3490 1039 3532 et
1082 3484 1343 3533 Honorius

270 3560 446 3624 junior
479 3566 536 3610 et
576 3560 746 3608 Maria
786 3568 1079 3624 agnoscunt
1118 3577 1343 3610 commu-

275 3652 410 3700 nem,
454 3638 571 3686 haec
617 3649 865 3700 proavum
910 3645 1218 3700 maternum,
1255 3639 1343 3687 ille

279 3728 427 3763 avum
452 3721 746 3778 paternum,
767 3713 1113 3764 Theodosium
1144 3715 1346 3765 seilicet

275 3792 544 3841 seniorem.

341 3868 588 3930 Postigia]
621 3869 754 3932 Ego,
791 3868 879 3933 qni
923 3867 1261 3932 Imperatoris
1282 3869 1345 3920 ti-

281 3946 388 3997 tulo
433 3947 692 4010 imperare
737 3952 991 4009 poteram,
1027 3960 1109 3994 me
1154 3947 1346 4011 suppli·

282 4036 392 4072 cem
415 4021 643 4072 exhibui.

344 4104 405 4150 33
441 4100 566 4151 Misi
596 4099 833 4163 proceres]
890 4099 1022 4150 Haec
1055 4100 1202 4151 dicta
1224 4107 1347 4152 sunt

282 4178 349 4228 nd
369 4178 665 4228 Stilichonis
684 4176 909 4228 laudem.

347 4256 408 4304 86
444 4256 541 4312 Qui
581 4255 676 4304 sibi
716 4260 767 4304 te
811 4256 1061 4320 generum]
1135 4256 1346 4309 Mereor

284 4333 507 4384 Mariam
529 4349 627 4398 ego
652 4342 807 4385 natus
823 4335 1137 4400 Theodosio,
1146 4337 1236 4405 qui
1248 4337 1346 4387 tibi

1485 3338 1547 3383 37
1586 3334 1678 3382 Cui
1699 3332 1857 3396 debes]
1893 3330 1993 3381 Cui
2014 3326 2307 3379 Theodosio
2325 3308 2485 3375 debes

1420 3413 1676 3462 Mariam:
1710 3412 1843 3461 hanc
1879 3409 2014 3458 enim
2036 3404 2334 3469 accepistin
2367 3417 2488 3453 con*

1414 3491 1546 3553 juge
1569 3491 1782 3551 Serena,
1806 3501 1952 3553 qnam
1976 3485 2084 3548 ipse
2111 3482 2205 3532 tibi
2227 3480 2390 3530 dedit.

1491 3567 1665 3616 Foenus
1678 3565 1823 3628 solve]
1855 3566 1943 3613 Da
1965 3561 2086 3610 mihi
2108 3559 2348 3619 Mariam,
2370 3570 2486 3621 quae

1423 3643 1548 3692 mihi
1571 3643 1671 3692 erit
1706 3643 1850 3691 velut
1885 3638 2054 3688 foenus
2073 3641 2128 3685 et
2163 3645 2363 3683 merces
2385 3645 2489 3680 am-

1425 3721 1513 3784 pla
1556 3733 1753 3782 eorum,
1804 3732 1920 3782 qnae
1975 3713 2132 3764 debes
2189 3710 2329 3775 patri
2373 3721 2489 3758 meo

1423 3797 1731 3846 Theodosio.

1492 3878 1557 3923 38
1590 3873 1753 3937 Aulae]
1803 3871 1987 3922 Redde
2032 3885 2149 3920 snas
2211 3866 2489 3930 Principes

1426 3953 1558 4001 sulae
1583 3954 1856 4003 Caessreae.

1490 4034 1555 4078 39
1591 4033 1637 4078 Ο
1653 4030 1816 4094 patrui
1834 4026 2051 4091 germen]
2084 4028 2133 4076 Ο
2168 4024 2366 4074 Sereno
2387 4019 2493 4070 fllia

1422 4106 1598 4170 patrui
1643 4107 1743 4155 mei
1786 4105 2004 4155 Honorii
2048 4102 2284 4162 senioris,
2342 4098 2493 4161 cujus

1424 4198 1613 4233 nomen
1668 4198 1765 4249 ego
1821 4181 2083 4232 Honorius
2138 4180 2284 4228 velut
2326 4177 2493 4225 haeres

1427 4275 1571 4327 gero.
