2925 4928
947 402 1046 450 DE
1092 401 1194 449 1V.
1243 400 1451 451 coNS.
1500 401 1786 451 HONOR.

262 544 389 613 Pro
416 546 621 612 nobis
649 546 811 612 nihil
837 548 952 612 ille
980 547 1151 631 pati,
1180 546 1572 632 nullumque
1601 553 1869 612 recusat

262 649 631 714 Discrimen
655 656 903 717 tentare
934 652 1075 717 sui:
1119 671 1251 717 non
1280 650 1446 716 dura
1484 652 1772 731 viarum,

261 750 410 816 Non
440 754 699 820 incerta
726 756 951 820 maris.
1039 756 1275 840 Libyae
1308 756 1678 839 squalentis
1708 772 1943 819 arenas

256 851 547 919 Audebit
577 877 885 941 superare
914 858 1143 942 pedeS,
1171 856 1574 942 madidaque
1600 858 1876 923 cadente

256 956 527 1023 Pleiade
557 959 869 1026 Gaetulas
897 962 1171 1026 intrabit
1196 963 1428 1026 navita
1459 961 1715 1045 Syrtes.

254 1059 460 1137 Hunc
485 1065 713 1126 tamen
738 1064 1039 1148 inprimis
1069 1064 1364 1146 populos
1392 1065 1663 1129 levitate
1690 1064 1969 1143 feroceS,

254 1162 338 1226 Et
367 1161 681 1228 Rhenum
709 1185 953 1248 pacare
975 1166 1197 1250 jubes,
1289 1165 1496 1231 Volat
1523 1168 1632 1231 ille
1663 1168 1885 1232 citatis

253 1265 514 1330 Vectus
545 1268 753 1351 equiS,
797 1268 1113 1354 nullaque
1141 1270 1312 1334 latus
1343 1270 1626 1354 stipante
1654 1275 1940 1348 caterva,

252 1365 524 1451 Aspera
552 1370 894 1435 nubiferas
925 1391 1060 1455 qua
1082 1370 1360 1436 Rhaetia
1389 1372 1671 1455 porrigit
1698 1370 1943 1457 Alpes,

253 1470 508 1554 Pergit,
540 1472 915 1541 ethostiles
944 1473 1172 1559 (tanta
1202 1482 1312 1538 est
1342 1472 1623 1560 fiducia)
1643 1476 1828 1557 ripas

252 1572 703 1640 Incomitatus
728 1578 906 1642 adit:
939 1583 1148 1644 totum
1172 1599 1537 1663 properare
1562 1600 1686 1662 per
1707 1599 1975 1644 amnem

2330 1166 2462 1230 440

249 1742 416 1803 tribus,
441 1747 504 1791 ut
523 1742 806 1805 prcesidium
827 1759 882 1791 ac
902 1748 1120 1794 tutorem.
1188 1744 1277 1794 Ille
1309 1745 1526 1794 Stilicho
1548 1746 1670 1794 nihil
1689 1747 1846 1795 renuit
1864 1744 2078 1811 perferre
2108 1761 2198 1810 pro
2229 1746 2380 1810 nobis,
2410 1752 2461 1797 et

248 1809 428 1857 nnllam
450 1809 664 1870 experiri
682 1808 938 1872 periculum
961 1810 1148 1872 capitis
1170 1811 1247 1858 sui
1258 1822 1283 1867 ,··
1308 1826 1399 1859 non
1437 1813 1610 1861 renuit
1648 1812 1874 1875 experiri
1894 1813 2195 1875 asperitatem
2214 1812 2460 1875 itinerum,

246 1888 336 1922 non
355 1873 727 1923 inconstantiam
748 1874 912 1922 maris.
977 1875 1076 1925 Ille
1110 1878 1254 1938 pedes
1281 1875 1473 1925 audebit
1507 1877 1726 1938 trajicere
1751 1891 1928 1926 arenas
1958 1877 2127 1941 Libyae
2157 1878 2374 1939 deserte,
2410 1883 2461 1926 et

247 1944 388 1987 nauta
409 1938 716 2000 ingredietur
739 1939 909 2003 Syrtes
931 1939 1148 1989 Gaetulas
1168 1942 1364 1990 Pleiade
1385 1941 1577 1991 humida
1602 1943 1874 1993 Occidente.
1915 1944 2130 2006 Imperas
2147 1947 2302 1991 tamen
2322 1941 2460 2006 prius

248 2003 376 2052 illum
396 2007 566 2053 sedare
584 2010 752 2066 gentes
760 2005 914 2064 feras,
939 2010 985 2053 et
995 2007 1183 2068 placare
1208 2007 1440 2056 Rhenum.
1478 2009 1570 2056 Ille
1591 2009 1800 2057 invectus
1817 2009 1949 2071 equis
1969 2007 2271 2056 velocissimis
2286 2009 2457 2068 evolat,

251 2074 296 2117 et
317 2071 448 2117 nullo
471 2070 685 2118 exercitu
705 2075 892 2131 tegente
906 2073 1047 2132 latas,
1062 2072 1122 2133 it,
1142 2087 1233 2134 qua
1256 2072 1444 2122 Rhaetia
1464 2087 1634 2121 saxosa
1655 2075 1870 2122 extendit
1891 2075 2038 2136 Alpes
2058 2073 2235 2134 ae‘rias,
2248 2078 2295 2122 et
2307 2074 2461 2123 intrat

249 2135 553 2202 incomitatus
572 2136 737 2184 littora
753 2135 962 2201 hostilia,
982 2141 1118 2185 tanta
1140 2142 1209 2185 est
1232 2136 1548 2203 confidentia!
1606 2141 1835 2188 Cerneres
1853 2140 2012 2201 Reges
2033 2138 2241 2202 trepidos
2262 2139 2460 2188 demisso

1172 2265 1435 2285 ‘cotem‘
1440 2266 1530 2285 0⁵00

250 2337 343 2382 ⁴434
376 2333 511 2381 vobis
532 2332 727 2381 Mon-et.
765 2346 868 2381 sec.
900 2333 971 2381 nil
991 2331 1137 2382 Med.
1160 2347 1269 2381 sec.
1302 2333 1403 2396 ipse
1425 2335 1546 2382 Vat.
1567 2336 1733 2397 quart.
1757 2339 1814 2382 et
1836 2333 1999 2397 quint.
2026 2333 2211 2382 Petav.
2236 2348 2317 2397 pr.
2343 2335 2460 2383 Mo·

251 2407 344 2448 ret.
370 2413 453 2461 pr.
479 2405 538 2447 et
557 2399 926 2448 Tholas—436
946 2399 1125 2446 incerta
1142 2399 1310 2459 magis.
1332 2398 1476 2447 Med.
1498 2406 1617 2447 tert.
1642 2398 1901 2462 Libyesque
1921 2398 2117 2447 calentis
2131 2398 2273 2448 Med.
2290 2406 2461 2464 quart.

253 2463 420 2529 Libyes
442 2464 766 2513 arentisvar.
791 2463 894 2513 LL.
918 2463 1001 2514 ed.
1025 2461 1345 2513 Antv.-437
1380 2463 1594 2514 Audebis
1628 2462 1745 2513 Pal.
1792 2466 1935 2514 Med.
1977 2479 2058 2527 pr.
2090 2478 2278 2513 servare
2309 2466 2456 2515 Med.

255 2538 368 2580 tert.
401 2533 648 2579 cadentem
667 2530 1032 2578 'Philam—438
1066 2529 1288 2593 Syrtibus
1308 2533 1460 2579 undas
1482 2544 1661 2579 omnes
1683 2531 1808 2579 Vat.
1833 2529 1945 2579 Pal.
1965 2531 2117 2579 Fam.
2142 2529 2285 2579 Prie.
2310 2530 2457 2582 Rott.

255 2595 418 2645 Oisel.
443 2596 593 2645 Leid.
617 2608 717 2645 sec.
740 2603 795 2643 et
819 2595 978 2645 Gesn.
1011 2595 1175 2643 navita
1199 2595 1369 2658 Syrtes
1392 2597 1580 2645 PetaV.
1605 2610 1710 2643 sec.
1737 2601 1792 2644 et
1810 2610 1889 2657 pr.
1922 2609 1990 2643 m.
2020 2609 2123 2643 sec.
2159 2595 2302 2643 Med.
2327 2603 2456 2647 tert.

256 2661 471 2725 Raphel.
495 2662 620 2711 Var.
645 2660 748 2708 LL.
773 2661 854 2709 ed.
877 2658 1038 2708 Antv.
1070 2662 1235 2708 navita
1259 2661 1425 2723 Syrtes
1446 2660 1531 2708 vel
1565 2659 1786 2723 Syrtibus
1812 2660 1961 2709 undas
1995 2661 2124 2723 Reg.
2153 2659 2324 2709 Oxon.
2347 2675 2457 2712 sec.

255 2730 412 2775 —439
448 2726 555 2774 Nec
576 2731 730 2775 tamen
754 2724 854 2773 inc.
882 2726 1068 2774 Heius.
1103 2724 1248 2772 Hunc
1285 2726 1443 2786 igitur
1475 2725 1683 2788 primum
1715 2727 1798 2774 vel
1837 2725 1982 2775 Hunc
2015 2730 2175 2773 tamen
2206 2726 2257 2774 ἐπ
2288 2725 2462 2788 primis

259 2790 426 2840 Oxon.
457 2806 563 2839 sec.
599 2791 744 2839 lenire
765 2790 940 2844 feroces
961 2796 1182 2854 quatuor
1200 2790 1349 2839 Vatt.
1370 2791 1527 2839 Farn.
1562 2791 1704 2841 Prie.
1723 2792 1866 2840 Rott.
1899 2790 2287 2849 levitateseroces
2310 2791 2481 2845 Leid..

260 2871 335 2919 pr.
363 2872 542 2920 pacare
553 2854 741 2915 feroces
756 2856 902 2905 Med.
922 2859 1163 2918 pre—440
1195 2870 1392 2916 regnum
1408 2871 1582 2918 pacare
1618 2856 1762 2906 Med.
1795 2863 1918 2905 tert.
1942 2857 2072 2920 Reg.
2099 2870 2130 2904 a
2151 2871 2218 2905 m.
2243 2870 2322 2919 pr.
2348 2857 2458 2907 Ox-

258 2938 333 2971 on.
353 2937 433 2985 pr.
459 2930 516 2970 et
533 2920 682 2971 Leid.
709 2936 784 2983 pr.
819 2921 1058 2970 Rsthnum
1079 2920 1282 2970 TholoS.
1310 2923 1501 2983 placare
1523 2921 1626 2970 duo
1647 2922 1793 2970 Vatt.
1831 2922 2016 2971 PetaV.
2041 2936 2120 2985 pr.
2159 2922 2353 2971 Moret.
2374 2936 2454 2985 pr.

258 2988 432 3037 Ambr.
453 3001 560 3037 sec.
581 2985 730 3036 Leid.
749 3000 853 3036 see.
878 2988 1006 3036 Exc.
1031 2985 1248 3035 Gevart.
1268 3001 1440 3049 pacare
1462 2987 1585 3036 Vat.
1606 3000 1710 3036 sec.
1736 2988 1849 3036 Pal.
1877 3001 2071 3049 peceare
2092 2987 2218 3036 Var.
2242 2988 2346 3035 LL.
2372 2987 2458 3038 ed.

262 3052 579 3102 Antia—441
640 3051 811 3099 Vectas
850 3052 987 3114 aquis
1018 3052 1142 3101 Vat.
1180 3057 1304 3102 tert.
1341 3053 1489 3101 Rott.
1534 3052 1682 3101 Med.
1728 3067 1833 3101 sec.
1881 3066 2050 3101 corona
2083 3051 2227 3101 Med.
2271 3058 2459 3101 tert.—

255 3122 345 3167 444
378 3133 564 3166 amnem
605 3117 691 3164 vel
730 3131 904 3165 anteum
932 3117 1159 3165 Florent.
1203 3131 1386 3164 amnem
1409 3118 1492 3165 vel
1514 3132 1683 3179 agmen
1708 3115 1880 3167 Oxou.
1901 3132 2004 3168 see.
2026 3117 2171 3167 Med.
2197 3126 2364 3181 quart.
2391 3117 2460 3167 ad

257 3182 558 3231 firmandum
581 3180 640 3228 τὸ
672 3196 853 3230 amnem
886 3181 1068 3231 Heius,
1093 3181 1406 3244 ascripserat
1428 3182 1596 3230 locum
1625 3197 1690 3231 ex
1715 3182 1832 3232 Lib.
1868 3195 1908 3231 1.
1934 3183 2085 3231 CouS.
2120 3182 2320 3231 Stilich.
2342 3186 2459 3233 206.

255 3248 600 3299 ubi-similiter
623 3246 688 3295 de
712 3247 942 3311 Regibus
975 3247 1067 3310 ait,
1097 3246 1112 3273 ‘
1137 3247 1423 3299 transvecti
1469 3247 1709 3297 lintribus
1742 3248 2136 3304 amnem.’7-445
2170 3247 2340 3296 humili
2360 3248 2458 3297 Re·

1245 3376 1465 3427 NOTAE

253 3506 261 3515 ·
317 3484 411 3531 435
448 3480 594 3529 Dura
616 3447 821 3542 viarum]
878 3447 1049 3528 ¹Duras
1089 3483 1144 3528 et
1175 3451 1320 3543 aspe-
1391 3476 1575 3540 vigore,
1609 3476 1746 3541 quod
1769 3483 1885 3527 ortu
1910 3490 1999 3526 suo
2023 3482 2226 3538 tempus
2249 3474 2459 3538 naviga·

258 3571 335 3606 ras
358 3557 488 3606 viaS.
519 3557 524 3564 ’
558 3556 926 3606 Hellenismus.
988 3555 1076 3604 Sic
1112 3562 1213 3618 est,
1244 3558 1316 3605 in-

253 3640 382 3684 certa
396 3633 569 3696 mlvi-s,
608 3633 663 3681 id
687 3639 787 3694 est,
809 3632 1065 3683 incertum
1085 3632 1320 3682 dubium·

259 3728 353 3777 que
372 3726 539 3776 mare,
578 3726 672 3760 seu
695 3710 878 3760 dubios
902 3720 959 3760 et
980 3711 1205 3760 incertos
1240 3718 1317 3761 at·

256 3808 353 3857 que
370 3792 730 3841 inconstantes
750 3790 908 3839 maris
925 3804 1090 3839 casus.

258 3903 261 3906 -
316 3873 414 3919 436
429 3922 433 3925 ,
449 3868 744 3933 squalentis]
801 3867 984 3931 Libya,
1026 3866 1094 3915 ob
1134 3866 1316 3915 nimios

258 3946 383 3997 Solis
404 3948 628 4008 calores,
643 3944 834 4009 partim
853 3944 1063 4008 sterilis,
1083 3958 1316 4007 arenosa,

261 4025 510 4090 squalida,
528 4024 760 4073 deserta.

318 4105 415 4152 438
446 4101 677 4164 Pleiade]
714 4097 959 4148 Pleiades
980 4100 1099 4156 sunt
1115 4102 1316 4159 septem

262 4180 417 4229 stellae
455 4179 511 4227 in
552 4177 699 4241 signo
736 4176 890 4225 Ταυτὶ
923 4175 1167 4238 coelestis,
1199 4190 1315 4239 quae

262 4273 437 4308 occasu
456 4271 550 4307 suo
567 4254 770 4320 pluvias
786 4261 842 4303 et
864 4259 1202 4318 tempestates
1225 4254 1316 4302 im-

269 4343 487 4399 portant.
542 4334 804 4389 Dicuntur
826 4330 919 4383 ἆπὸ
939 4333 1026 4383 τοῦ
1044 4333 1202 4396 πλεῖν,
1233 4346 1319 4385 na-

1395 3555 1545 3605 tionis
1566 3555 1800 3605 indicent
1820 3572 1833 3605 t
1869 3554 2113 3605 dicuntur
2129 3559 2186 3602 et
2209 3553 2459 3616 Vagam,

1395 3631 1533 3695 quod
1554 3646 1675 3680 vere
1699 3631 1947 3680 oriantur.
2321 3665 2324 3668 ψ
2439 3675 2442 3680 .

1464 3708 1703 3772 Gaetulas]
1760 3707 1991 3758 Gaetulia
2034 3705 2179 3770 regio
2234 3712 2318 3755 est
2374 3706 2458 3756 Li·

1396 3786 1548 3851 byae:
1597 3787 1682 3837 hic
1729 3786 1939 3849 ponitur
1994 3799 2090 3847 pro
2145 3783 2329 3848 Libya,
2389 3784 2457 3834 ad

1397 3866 1461 3913 ad
1484 3880 1634 3929 quam
1658 3870 1778 3913 sunt
1811 3863 1915 3911 iuae
1936 3863 2117 3926 Syrtes
2156 3862 2327 3911 nautis
2352 3860 2458 3912 for-

1395 3941 1676 3991 midandae.
1743 3942 1823 3989 De
1845 3940 1922 3989 his
1939 3954 2121 4007 supra.

1457 4023 1555 4069 440
1589 4019 1806 4068 Rhenum
1822 4017 2017 4081 pacare]
2069 4018 2290 4067 Placere
2326 4017 2458 4067 Ger·

1393 4100 1580 4150 maniae
1604 4101 1821 4164 populos
1862 4098 2029 4149 Rheni
2067 4098 2285 4163 accolas,
2326 4113 2458 4174 pace

1396 4177 1705 4241 composita.

1459 4258 1558 4303 442
1591 4253 1810 4317 Rhaetia]
1842 4253 2012 4317 Regio
2040 4259 2122 4302 est
2144 4250 2364 4316 Alpibus
2387 4253 2460 4302 vi-

1394 4331 1530 4398 cina,
1548 4331 1747 4386 Rhaetis
1772 4329 2028 4396 subjecta,
2040 4344 2137 4382 aas
2159 4328 2380 4380 Grisons.
2429 4352 2448 4375 ·.
