2925 4928
468 354 565 421 12
1280 369 1685 418 rRoanoM
1704 367 1855 416 ENA

466 522 583 583 ,est
635 518 1006 601 probabile,
1051 536 1202 583 cum
1249 536 1331 581 ea
1382 521 1638 600 partem
1692 514 2083 600 eloquentiae
2135 511 2514 590 constituat,
2563 508 2728 578 ‘a'ut

478 623 717 695 saltem
775 621 1162 703 cognatione
1211 619 1588 683 arctissime
1644 637 1789 680 eam
1842 618 2139 700 attingat.
2229 616 2406 696 Quae
2457 621 2725 680 tamen

477 743 586 787 res
618 743 776 788 suas
803 725 1094 787 habebat
1124 721 1545 786 difficultates
1576 740 1703 783 non
1748 721 1939 784 facile
1967 719 2420 803 superandas.
2477 733 2480 737 ·
2512 717 2723 782 Oma-

478 825 922 893 tionumeuim
952 830 1186 889 natura
1210 826 1308 887 ita
1336 829 1729 906 comparata
1756 829 1878 899 est,
1911 829 1983 886 ut
2012 825 2293 906 partium
2318 821 2722 906 descriptio

480 928 550 991 in
577 930 884 992 omuibus
935 928 1073 992 fere
1124 928 1213 991 sit
1260 926 1516 1002 eadem,
1563 932 1629 990 et
1676 932 1750 990 ut
1804 926 2176 1004 diversitas,
2227 926 2288 988 si
2318 945 2454 1009 qua
2484 932 2618 1002 est,
2659 940 2723 988 a

481 1034 871 1113 temporum,
922 1050 1157 1106 rerum,
1192 1048 1650 1112 personarum,
1713 1035 1782 1093 et
1836 1029 2134 1092 locorum
2179 1029 2432 1092 ratione
2480 1027 2718 1092 facile

481 1133 706 1216 possit
729 1134 975 1215 repeti,k
991 1139 1058 1196 et
1085 1133 1172 1195 ad
1203 1137 1420 1196 certas
1439 1132 1720 1213 regulaS,
1752 1131 2149 1216 easdemque
2187 1149 2465 1215 paucaS,
2496 1149 2719 1196 revo-

480 1235 641 1301 cari.
731 1234 1112 1298 Carminum
1142 1240 1361 1299 autem
1381 1252 1619 1316 genera
1649 1253 1782 1297 non
1815 1235 2030 1297 solum
2058 1233 2310 1297 infinita
2340 1232 2455 1296 sed
2484 1226 2718 1297 etiarn

475 1341 715 1401 ¹natura
733 1358 858 1401 sua
879 1346 1015 1402 tam
1045 1336 1310 1401 div-ersa
1333 1342 1503 1414 sunt,
1526 1344 1625 1414 ut,
1658 1337 1717 1400 si
1730 1337 1990 1418 singula
2018 1336 2329 1420 quaedam
2356 1336 2717 1418 excipiaS,

485 1440 889 1524 compositio
941 1459 1168 1503 eorum
1227 1440 1313 1504 ad
1370 1446 1715 1523 praecepta
1769 1439 2008 1503 deduci
2064 1447 2368 1523 nequeat.
2459 1438 2721 1520 Longe

478 1541 672 1605 aliter
701 1551 923 1606 autem
969 1562 1045 1607 se
1087 1561 1195 1606 res
1245 1542 1478 1606 habuit
1520 1543 1585 1605 in
1624 1543 1899 1618 ratione,
1932 1561 2067 1625 qua
2095 1561 2201 1605 res
2248 1547 2316 1605 et
2345 1541 2718 1604 sententiae

483 1644 832 1727 poetarum
889 1665 1067 1710 more
1126 1648 1390 1729 possint
1432 1645 1669 1723 efferri,
1722 1664 1842 1709 seu
1900 1647 1970 1708 in
2015 1643 2276 1709 dicendi
2328 1663 2566 1726 genere
2633 1650 2720 1706 et

483 1751 717 1811 ornatu
757 1747 981 1830 po‘etis
1029 1749 1326 1831 propr-io,
1380 1769 1534 1812 cum
1579 1749 1726 1831 ipse
1755 1768 1990 1826 sermo,
2023 1767 2217 1830 quem
2246 1746 2716 1831 antiquissimi

484 1846 945 1913 Romanorum
992 1849 1213 1933 po‘etae
1264 1851 1717 1927 adhibuerant,
1769 1851 2182 1934 posterisque
2240 1848 2714 1933 adoptandum

478 1950 902 2033 reliquerant,
947 1972 1034 2017 ex
1067 1952 1519 2018 Graecosonte
1547 1953 1836 2031 fluxerit,
1887 1957 1956 2015 et
2001 1956 2350 2036 propterea
2392 1950 2716 2015 imitandi

485 2053 921 2132 consuetudo,
1012 2056 1426 2138 antiquitatis
1514 2055 1906 2119 auctoritate
1974 2054 2455 2132 commendata,
2513 2053 2715 2137 apud

476 2152 838 2220 Romanos
881 2158 1290 2223 inveteravit.
1379 2155 1493 2221 Ad
1538 2177 1686 2221 eam
1734 2158 1931 2240 igitur
1976 2158 2187 2241 partis
2229 2155 2573 2221 rhetoricae
2609 2157 2712 2220 si-

473 2257 952 2341 ·militpdinem,
1004 2280 1161 2343 quae
1219 2261 1302 2329 de
1354 2262 1804 2324 enuntiatione
1860 2260 2017 2342 agit,
2079 2261 2413 2325 acutiores
2478 2260 2708 2342 magis

486 2378 692 2441 quam
720 2362 1192 2443 ingeniosiores
1237 2368 1443 2426 totam
1476 2362 1795 2426 sermonis
1819 2359 2071 2445 poetici
2102 2362 2437 2436 rationem,
2470 2378 2711 2424 omnes

484 2468 745 2551 tropoS,
790 2464 1055 2548 figuraS,
1086 2466 1406 2549 imagines
1444 2466 1531 2530 ad
1583 2471 1760 2531 certa
1813 2484 2047 2549 genera
2093 2469 2157 2528 et
2204 2463 2459 2529 classes
2505 2484 2707 2530 revo-

490 2583 644 2628 care
675 2574 1047 2650 coeperunt,
1078 2574 1155 2632 ut
1177 2574 1387 2633 totum
1417 2574 1810 2653 apparatum
1840 2565 2178 2652 poeticum
2203 2567 2484 2633 scientia
2513 2587 2708 2632 com-

488 2666 697 2749 plecti
728 2674 932 2751 atque
962 2671 1031 2733 in
1060 2676 1325 2754 promtu
1354 2670 1597 2735 habere
1649 2670 2110 2753 unusquisque
2150 2677 2382 2753 posset
2417 2669 2502 2734 ad
2554 2690 2708 2735 sen-

491 2770 736 2836 tentias
767 2792 1219 2856 quascumque
1267 2771 1545 2857 poetica
1593 2778 1777 2836 veste
1824 2770 2215 2836 induendas.
2303 2772 2412 2837 Ita
2464 2792 2537 2836 se
2597 2792 2708 2836 res

448 2870 779 2957 „habebat
807 2877 936 2939 sub
968 2878 1328 2941 serioribus
1372 2876 1915 2959 Imperatoribus,
1962 2877 2101 2953 ubi,
2149 2882 2223 2940 ut
2256 2871 2703 2953 monumenta,

488 2992 648 3057 quae
699 2983 960 3042 aetatem
1008 2998 1097 3062 ex
1135 2979 1254 3043 illo
1303 2999 1451 3045 aevo
1483 2979 1714 3056 tulere,
1756 2979 1927 3043 satis
1955 2978 2214 3043 abunde
2240 2984 2582 3057 testantur,
2613 2997 2705 3042 ex

492 3077 924 3145 laceratorum
972 3088 1041 3147 et
1069 3084 1621 3147 comminutorum
1651 3083 2010 3147 carminum
2040 3083 2185 3166 ejus
2215 3083 2456 3159 aetatis,
2500 3101 2701 3165 quam

494 3189 736 3246 vocant
760 3203 1054 3263 auream,
1107 3184 1489 3267 fragmentis
1527 3186 1703 3250 ‘satis
1754 3184 2038 3249 ridicule
2067 3184 2700 3264 interdum·comtis,

492 3302 670 3348 nova
698 3288 989 3351 carmina
1020 3290 1607 3371 com-ponebantur,
1632 3310 1749 3353 seu
1777 3289 2005 3373 potius
2037 3286 2379 3351 Musarum
2395 3286 2700 3353 ludibria.

492 3382 608 3451 Ex
656 3387 901 3470 quibus
951 3409 1058 3467 ea,
1114 3410 1266 3472 quae
1307 3392 1564 3474 optima
1596 3397 1772 3470 sunt,
1820 3396 2158 3454 externam
2187 3393 2437 3453 tantum
2466 3388 2700 3453 carmi-

488 3490 977 3577 num-speciem
1026 3492 1394 3571 induerunt,
1455 3512 1816 3577 eorumque
1864 3498 2173 3558 auctores
2210 3491 2283 3555 id
2322 3491 2520 3555 modo
2547 3510 2698 3556 con-

497 3590 711 3652 secuti
741 3595 911 3669 sunt,
953 3597 1029 3655 ut
1072 3593 1294 3657 verbis
1322 3594 1712 3658 sonantibus
1738 3611 2143 3676 numeroque
2171 3597 2237 3656 et
2266 3591 2697 3657 concinnitate

496 3709 806 3756 versuum
838 3696 1106 3758 auribus
1135 3696 1520 3777 colligerent
1567 3716 1785 3775 escaS‚
1838 3715 2117 3778 quarum
2148 3695 2458 3777 voluptas
2486 3698 2700 3780 tamen

497 3794 738 3862 mentis
798 3794 1071 3860 fastidio
1119 3798 1225 3861 vel
1285 3797 1605 3861 minuitur
1652 3798 1760 3862 vel
1814 3798 2083 3862 tollitur.
2173 3796 2256 3859 In
2310 3797 2487 3859 omni
2528 3796 2692 3860 enim

498 3896 810 3974 carmine,
858 3897 1041 3981 quod
1087 3919 1215 3962 non
1262 3899 1518 3980 impetu
1566 3899 1856 3983 quodam
1897 3905 1964 3963 et
2016 3899 2249 3963 ardore
2296 3899 2529 3962 mentis
2576 3911 2690 3970 seu

500 3999 1045 4082 contemplatione
1076 4021 1193 4066 seu
1227 4003 1630 4084 cogitatione
1659 4004 2054 4085 alicujusrei
2084 4009 2433 4067 commotae
2461 4000 2687 4075 fusum,

500 4097 625 4162 sed
655 4099 901 4180 frigida
933 4111 1430 4186 praeceptorum
1456 4105 1945 4171 observatione
1983 4111 2331 4168 consutum
2375 4107 2505 4179 est,
2526 4100 2692 4164 nulla

495 4200 740 4294 'Vivida
768 4204 872 4292 vis
922 4223 1041 4268 seu
1084 4204 1313 4272 divina
1353 4207 1670 4291 quaedam
1717 4226 1882 4274 aura
1926 4208 2213 4272 lectores
2265 4209 2335 4271 et
2375 4203 2687 4271 auditores
