2925 4928
1187 858 1413 936 xvi.

767 1146 975 1240 CL.
1058 1075 1828 1237 CLAUDIAM

922 1403 1053 1469 DE
1114 1402 1694 1471 CONSULATU

226 1559 476 1764 FL}
576 1644 1288 1764 MALLII
1382 1643 2404 1761 THEODORI

1199 1900 1289 1965 V.
1346 1899 1426 1968 C.

905 2132 1740 2227 PANEGYRIS.

962 2509 1691 2579 PROLOGUS.

1047 2684 1588 2738 ARGUMENTUM.

258 2799 473 2850 Pom-A
492 2798 736 2862 increpat
763 2797 930 2848 Musae
954 2813 1061 2849 suae
1080 2800 1366 2866 audaciam,
1390 2803 1530 2868 quod
1551 2817 1664 2854 sese
1686 2805 1915 2866 exponat
1943 2798 2144 2864 judicio
2165 2797 2389 2848 Senatus
2405 2813 2427 2859 ;-
2513 2786 2516 2790 ’

226 2880 303 2944 qni
323 2887 500 2930 tantus
522 2885 624 2941 eet,
661 2878 1169 2951 uthuemadmodum
1207 2882 1419 2945 Jupiter
1451 2881 1758 2949 Aquilai-um
1782 2895 1881 2946 ope
1901 2881 2076 2931 orbem
2107 2893 2423 2945 cognoscere

228 2959 406 3026 potuit,
422 2960 497 3011 sic
523 2968 580 3010 et
604 2960 864 3010 Honorius
883 2960 1192 3011 Senatorum
1215 2963 1436 3012 concilio
1460 2964 1625 3028 possit
1649 2965 1824 3015 orbem
1846 2961 2036 3013 metiri.

234 3213 647 3304 AUDEmsN
660 3256 726 3316 E,
757 3259 1015 3324 precor,
1044 3238 1262 3304 doctae
1292 3240 1604 3324 subjecta
1635 3247 1917 3308 catervae

309 3341 487 3406 Inter
518 3345 615 3405 tot
643 3360 974 3425 proceres,
1001 3345 1229 3404 nostra
1257 3340 1524 3420 Thalia,
1555 3344 1782 3427 loqui'?

289 3507 334 3557 Ο
360 3507 529 3558 Thalia
551 3506 710 3558 Musa
730 3513 907 3569 nostra,
929 3525 992 3559 an
1011 3509 1219 3575 audebis,
1239 3527 1409 3576 quma,
1429 3510 1553 3576 loqui
1574 3511 1788 3576 exposita
1809 3509 1946 3560 coetui
1967 3507 2168 3569 erudito,
2202 3504 2330 3553 inter
2349 3505 2424 3551 tot

1145 3655 1321 3675 ‘0000‘
1327 3654 1502 3676 ’,Οὐκ

257 3804 263 3817 ,
295 3753 557 3805 Recitavit
585 3754 722 3804 hunc
756 3754 1139 3818 Panegyricum
1175 3756 1510 3820 Claudianus,
1533 3761 1593 3806 nt
1615 3762 1762 3820 patet
1787 3770 1853 3805 ex
1875 3751 2197 3804 Praefatione
2220 3752 2443 3813 vss.‚19.‚

244 3822 290 3866 et
308 3823 382 3868 20.
449 3822 653 3870 Mallius
674 3826 846 3869 antem
872 3821 1132 3870 vocandus
1154 3822 1238 3871 hic
1262 3823 1472 3872 Consul.
1495 3822 1598 3872 vid.
1623 3820 1855 3884 Onuphr.
1877 3821 1929 3869 in
1954 3821 2095 3868 Fast.
2132 3833 2182 3882 p.
2207 3820 2318 3866 302.
2342 3814 2427 3864 ed.

246 3883 526 3937 Commelin.
609 3887 698 3935 De
719 3886 991 3935 consulatu
1014 3885 1183 3935 Mallii
1204 3887 1469 3938 Theodori
1506 3887 1740 3937 meminit
1775 3885 2053 3949 Augustin.
2096 3883 2162 3931 de
2201 3881 2313 3930 Civ.
2353 3880 2427 3928 D.

1209 4030 1423 4081 NOTAE

305 4139 397 4204 FL]
460 4143 669 4191 Flavius
714 4143 926 4192 Mallius
965 4143 1290 4208 TheodoruS,
1371 4159 1487 4209 gam
1519 4145 1702 4197 habuit
1739 4143 1791 4193 in
1833 4142 2052 4192 Oriente
2091 4136 2429 4201 Eutropium:

252 4212 317 4261 vir
362 4218 671 4267 clarissimus
726 4225 887 4282 atque
947 4219 1289 4283 doctissimus,
1368 4236 1484 4273 nam
1509 4222 1642 4272 alter
1665 4204 1857 4270 Consus
1877 4225 1989 4268 erat
2012 4219 2064 4267 in
2087 4213 2313 4278 Imperio
2331 4211 2431 4261 Ar-

255 4292 421 4344 Consul
438 4295 537 4346 fuit
558 4312 692 4347 anno
715 4297 931 4348 Domini
952 4303 1066 4349 399.
1122 4299 1292 4349 Colle·
1370 4297 1528 4364 cadii,
1567 4298 1702 4348 alter
1736 4297 1791 4346 in
1828 4295 2056 4361 Imperio
2093 4290 2335 4362 ῌουοῐὶἰ,
2375 4294 2433 4338 at

366 4377 540 4444 Delph.
560 4384 608 4430 et
638 4379 754 4432 Var.
775 4381 905 4433 Clas,
1260 4380 1432 4431 Claud.
2194 4379 2226 4424 2
2250 4374 2297 4422 D
2335 4416 2339 4421 .
