2925 4928
594 381 685 445 44
1417 393 1981 443 PstouuoomnNA

600 545 740 611 deri
785 549 1042 628 potest}
1103 558 1258 606 nam
1309 542 1527 608 omnis
1572 543 1944 608 divinarum
1985 544 2553 629 humanarumque
2599 565 2767 611 reru:

600 649 899 715 scientiae
931 648 1193 730 potiora
1223 647 1475 729 capita,
1525 645 1957 729 diversasque
2000 647 2084 710 de
2130 649 2214 710 iis
2256 647 2767 734 philosophoru:

598 751 948 836 opiniones
987 750 1279 813 maxime
1323 750 1787 852 memorabiles
1826 751 2163 833 exposuit.
2254 750 2473 815 Etiam
2505 758 2767 816 astron«

595 856 749 920 miae
779 854 1252 937 exquisitioris,
1284 873 1418 918 non
1448 852 1759 936 poeticae,
1792 856 2235 936 cognitionem
2264 855 2558 920 ostendit
2586 856 2766 919 mult

600 959 669 1022 in
711 958 903 1035 lociS,
969 978 1124 1040 quae
1168 964 1391 1022 tamen
1451 978 1541 1021 ex
1587 956 1855 1022 Claudii
1899 958 2252 1023 Ptolemaei
2311 958 2464 1021 inde
2507 963 2769 1042 tempo]

600 1060 1128 1141 Alexandrinos,
1153 1062 1271 1145 qui
1297 1061 1564 1145 quidem
1594 1062 1896 1126 doctrina
1916 1062 2024 1127 vel
2043 1063 2273 1128 leviter
2294 1067 2522 1128 essent
2550 1063 2769 1127 imbui

595 1167 818 1249 fugere
847 1187 983 1231 non
1010 1174 1335 1250 poterant.
1429 1163 1603 1244 Quae
1634 1168 1761 1231 etsi
1804 1168 1934 1231 sint
1977 1188 2100 1250 per
2143 1187 2216 1231 se
2255 1168 2537 1250 egregia,
2594 1173 2769 1232 tame

596 1269 883 1354 poeseos
926 1277 1177 1336 naturae
1232 1291 1464 1355 parum
1521 1270 2025 1347 accommodata
2092 1291 2239 1335 esse
2303 1271 2439 1335 dici
2488 1285 2769 1355 possunt

599 1375 839 1443 etenim
867 1373 986 1437 illa
1028 1394 1133 1437 res
1162 1377 1415 1436 tantum
1459 1373 1555 1437 ita
1599 1372 2045 1456 prosequitur,
2088 1379 2164 1438 ut
2205 1374 2273 1436 in
2317 1393 2552 1437 sensus
2599 1374 2769 1438 ineu:

600 1483 773 1556 runt,
818 1477 1200 1560 respuitque
1231 1475 1510 1539 subtiles
1539 1474 1689 1538 illas
1719 1475 2032 1552 rationeS,
2079 1495 2231 1558 quae
2262 1477 2523 1540 calculo
2557 1480 2771 1544 tantur

599 1581 825 1664 posito
856 1587 972 1645 aut
998 1587 1215 1643 mente
1244 1584 1312 1644 et
1350 1579 1855 1644 ratiocinatione
1886 1581 2308 1663 colliguntur.
2399 1578 2626 1644 Nemo
2658 1599 2771 1644 san

601 1683 1009 1769 frequentior
1037 1685 1162 1747 fuit
1190 1682 1566 1748 Claudiano
1609 1684 1678 1747 in
1701 1683 1948 1748 'fabulis
1981 1685 2274 1769 antiquis
2300 1683 2722 1769 proferendis
2753 1703 2771 1747 ε

606 1786 1115 1863 coacervandiS,
1163 1806 1333 1871 quas
1362 1792 1615 1851 mutare
1644 1787 1813 1851 solet
1854 1787 2183 1851 interdum
2225 1794 2298 1851 et
2324 1788 2583 1851 variare
2615 1791 2687 1852 et
2714 1804 2771 1849 re

612 1890 777 1955 tioni
804 1890 1287 1974 philosophicae
1320 1889 1828 1954 accommodare
1859 1890 2253 1967 Stoicorum,
2306 1889 2420 1971 qui
2447 1888 2579 1953 hoc
2609 1890 2771 1972 inpn'

604 1995 734 2058 mis
781 1994 1223 2070 instituerunt,
1271 1998 1336 2057 et
1364 1995 1795 2077 popularium
1843 2014 2117 2059 suorum
2163 1992 2524 2074 exemp103
2572 1993 2692 2069 ita,
2741 2013 2773 2055 u

602 2115 742 2159 non
783 2116 1060 2161 neeesse
1104 2098 1195 2162 sit
1237 2097 1306 2161 in
1348 2098 1455 2175 iis,
1521 2098 1590 2160 in
1656 2098 1900 2180 quibus
1946 2118 1988 2161 a
2032 2097 2289 2180 vulgari
2335 2093 2773 2159 consuetudin

601 2199 872 2277 recedit,
904 2201 991 2264 ad
1023 2200 1377 2264 obscuram
1407 2199 1794 2264 Heraclidis
1823 2200 2246 2285 disciplinam
2277 2196 2660 2279 confugere,
2700 2215 2773 2260 au

604 2301 772 2366 alios
801 2308 1130 2385 auctores,
1157 2304 1689 2386 circumspicere,
1738 2324 1909 2387 quos
1961 2310 2228 2368 secutus
2260 2303 2374 2367 sit.
2463 2302 2773 2367 Terrarur

604 2424 866 2490 quoque
895 2412 960 2471 et
991 2408 1332 2490 regionum
1376 2405 1931 2489 descriptionibus
1978 2406 2313 2486 abundat3
2361 2405 2542 2489 quod
2573 2405 2775 2469 mirur.

602 2527 752 2571 esse
779 2513 1025 2592 nequit,
1073 2531 1227 2574 cum
1273 2509 1704 2575 Alexandriae
1750 2511 2175 2595 geographiae
2223 2510 2442 2575 studia
2485 2510 2775 2573 florere-nt

606 2607 762 2688 Qua
787 2612 853 2675 in
883 2633 953 2676 re
984 2614 1183 2678 simul
1227 2621 1529 2698 apparet,
1574 2636 1725 2680 eum
1773 2616 2052 2692 illorum,
2099 2635 2254 2698 quae
2286 2634 2517 2678 versus
2548 2619 2775 2697 septen

603 2713 880 2778 trionem
911 2716 1038 2779 sita
1066 2723 1242 2794 sunt,
1276 2719 1382 2781 vel
1415 2719 1876 2801 imperfectam
1905 2719 2008 2780 vel
2038 2715 2281 2780 nullam
2309 2716 2624 2780 habuisse
2654 2736 2775 2799 cog

600 2816 949 2897 nitionem3
994 2825 1060 2882 et
1089 2820 1156 2882 in
1184 2820 1586 2902 quibusdam
1617 2821 1791 2899 aliis,
1827 2839 2108 2903 quorum
2136 2837 2365 2881 verum
2394 2815 2592 2881 situm
2624 2819 2774 2901 igno

605 2927 801 2998 raret,
851 2929 924 2986 ut
970 2924 1226 3005 passim
1272 2925 1386 2987 alii
1442 2943 1711 3007 quoque
1761 2922 2071 2996 fecerunt,
2119 2922 2379 3002 ingenio
2422 2921 2775 2986 indulsisse

605 3017 967 3105 Praecipue
987 3024 1673 3106 splendidissimorum
1695 3026 1977 3102 urbium,
1997 3013 2338 3099 montium,
2362 3028 2426 3086 et
2447 3023 2775 3087 fluminum

602 3124 711 3188 vel
728 3127 970 3208 mythis
990 3127 1490 3206 celebratorum,
1515 3128 1621 3192 vel
1646 3147 1861 3191 rerum
1887 3127 2239 3191 annalibus
2259 3127 2773 3189 memorabilium

532 3225 537 3230 ’
601 3225 910 3310 frequens
954 3229 1031 3292 fit
1092 3230 1338 3313 ubique
1384 3231 1656 3308 mentio,
1717 3231 1898 3294 nulla
1943 3231 2079 3294 fere
2137 3231 2363 3295 habita
2410 3231 2478 3293 in
2528 3230 2775 3293 urbibu=

602 3330 878 3410 ratione,
924 3339 1140 3397 utrum
1162 3337 1462 3397 extarent
1480 3334 1718 3411 adhuc,
1763 3355 1848 3398 an
1876 3336 2084 3399 ruinae
2106 3340 2351 3399 tantum
2372 3338 2775 3417 superessent

603 3435 683 3500 In
726 3438 1139 3520 exponendis
1185 3459 1466 3522 quoque·
1513 3438 1709 3502 rebus
1772 3458 1897 3502 suo
1952 3443 2245 3523 tempore
2307 3438 2507 3519 gestis
2551 3437 2775 3501 colore}

600 3539 772 3604 solet
814 3548 1038 3623 petere
1084 3561 1173 3606 ex
1236 3543 1660 3626 antiquorum
1703 3550 1770 3607 et
1816 3542 2200 3608 Graecorum
2244 3548 2310 3606 et
2354 3540 2775 3604 Romanorurr

603 3644 903 3709 moribus
934 3652 1135 3728 atque
1163 3647 1508 3722 institutiS,
1553 3645 1624 3708 id
1654 3646 1829 3730 quod
1874 3647 1940 3708 in
1973 3652 2235 3729 promtu
2265 3645 2458 3708 debet
2485 3663 2628 3707 esse
2657 3663 2775 3707 car·

602 3746 785 3810 mina
809 3747 956 3829 ejus
985 3748 1249 3830 legenti,
1271 3768 1353 3812 ne
1378 3769 1484 3826 ea,
1509 3767 1661 3832 quae
1686 3748 1800 3812 diu
1821 3750 1964 3833 jam
1996 3749 2065 3810 in
2095 3743 2583 3811 desuetudinem
2607 3764 2775 3810 vene

602 3850 754 3927 rint,
788 3850 1143 3914 Claudiani
1190 3851 1406 3915 adhuc
1455 3854 1867 3935 temporibus
1910 3851 2276 3915 obtinuisse
2325 3851 2774 3914 existimentur,

607 3953 766 4033 Qua
796 3974 866 4017 re
911 3954 1040 4017 hoc
1085 3960 1187 4017 est
1232 3963 1653 4031 consecutuS,
1706 3964 1780 4018 ut
1823 3956 1908 4017 iis
1954 3952 2208 4040 dicendi
2247 3951 2543 4016 formulis
2569 3961 2775 4036 posset

604 4059 725 4135 uti,
812 4078 983 4141 quas
1055 4058 1260 4140 prisci
1349 4057 1571 4140 poetae
1647 4057 2101 4130 adhibuerant,
2178 4074 2454 4136 suaeque
2524 4058 2775 4122 orationi

606 4160 1032 4242 antiquitatis
1090 4160 1472 4242 dignitatem
1534 4161 1935 4224 conciliaret.
2062 4158 2196 4222 Sed
2256 4160 2409 4221 inde
2471 4161 2775 4242 interpreti

606 4259 1035 4327 difficultates
1067 4268 1231 4326 ortae
1264 4270 1419 4326 sunt
1464 4264 1551 4329 ad
1597 4262 2100 4327 dissolvendum
2133 4262 2521 4345 plerumque
2550 4261 2775 4325 difficil-

600 4365 807 4433 limae.
927 4366 1133 4432 Ritus
1180 4368 1376 4449 enim,
1429 4369 1749 4447 instituta,
1798 4365 2147 4450 religiones
2202 4363 2604 4445 Graecorum,
2652 4363 2775 4430 Ro-
