2925 4928
432 451 563 515 660
1103 464 1219 513 cn.
1268 462 1695 512 cLAumAm
1749 462 1954 511 xxn.

414 613 524 677 -Et
552 629 785 678 cursus
815 610 1218 694 stabilesque
1246 629 1489 691 moraS,
1522 610 1764 695 quibus
1793 609 2022 675 omnia
2041 609 2306 689 vivunt,
2515 608 2641 673 435

436 713 542 781 Ac
570 719 845 800 pereunt
874 715 1032 779 fixis
1062 734 1214 778 cum
1237 712 1537 796 legibus:
1583 711 1698 778 ille
1728 718 2027 778 recenset
2602 717 2608 724 '

436 818 771 883 Incertum
800 814 961 901 quid
991 815 1230 881 Martis
1254 817 1402 894 iter,
1434 821 1814 901 certumque
1845 815 2170 881 Tonantis

435 920 758 987 Proficiat
783 919 1051 999 mundo,
1081 920 1238 1005 quid
1268 919 1469 983 velox
1499 919 1732 983 semita
1762 919 2001 997 Lunae,

363 1005 372 1015 ⁵
429 1023 766 1107 Pigraque
796 1023 1097 1089 Saturni:
1145 1027 1462 1107 quantum
1487 1020 1814 1106 Cytherea
1844 1042 2073 1086 sereno

430 1126 809 1206 Curriculo,
843 1126 1217 1211 Phoebique
1250 1144 1479 1189 comes
1513 1124 1875 1209 Cyllenius,
1906 1130 2092 1191 erret.
2513 1124 2643 1190 440

435 1228 633 1294 Illius
662 1235 736 1294 ut
758 1247 1002 1312 magno
1035 1228 1152 1293 Sol
1181 1228 1403 1292 limine
1435 1228 1737 1293 constitit
1766 1230 1952 1306 antri,

436 1330 749 1397 Accurrit
779 1331 1037 1397 Natura
1063 1337 1320 1416 potens,
1352 1332 1705 1416 seniorque
1737 1331 2042 1415 superbis

435 1485 485 1530 et
521 1480 865 1530 retardationes
901 1485 1072 1543 certas,
1102 1480 1269 1545 quibus
1300 1496 1378 1531 res
1407 1498 1568 1532 omnes
1586 1482 1804 1532 oriuntur
1831 1486 1915 1532 aut
1951 1483 2183 1545 occidunt,
2218 1486 2401 1532 statuta
2424 1480 2648 1545 quadam

435 1547 538 1608 lege
554 1562 570 1594 .·
603 1548 681 1595 ille
704 1561 862 1594 senex
885 1545 1051 1608 refert,
1068 1546 1184 1610 qnid
1216 1548 1296 1597 via
1315 1548 1459 1596 dubia
1478 1549 1659 1597 Martis
1691 1549 1937 1611 planetae,
1954 1549 2066 1611 quid
2088 1547 2172 1596 via
2191 1552 2319 1597 certa
2340 1548 2481 1596 Jovis
2495 1550 2650 1611 prosit

440 1611 595 1668 Orbi3
627 1611 739 1674 quid
760 1626 925 1660 cursus
942 1613 1064 1661 celer
1084 1612 1255 1674 Lam,
1292 1612 1408 1675 quid
1445 1627 1627 1662 cursus
1663 1614 1816 1662 lentus
1851 1612 2049 1662 Saturni
2086 1613 2283 1675 prosit;
2317 1617 2489 1676 quanto
2525 1619 2654 1661 tem·

437 1690 567 1739 pore
597 1677 752 1726 Venus
771 1691 913 1725 curru
928 1677 1139 1741 pulchro,
1169 1681 1219 1726 et
1241 1685 1434 1741 quanto
1458 1678 1730 1727 Mercurius
1745 1679 1974 1727 comitans
1994 1678 2156 1728 Solem
2191 1685 2408 1739 vagetur.
2464 1676 2651 1727 Statim

414 1745 579 1806 ,atque
599 1741 683 1792 Sol
703 1743 841 1791 stetit
863 1742 916 1791 in
938 1741 1161 1792 vestibulo
1189 1742 1375 1805 ingenti
1397 1744 1628 1808 spelunea?
1649 1744 1805 1808 hnjus,
1826 1743 2018 1794 Natura
2039 1748 2192 1794 mater
2210 1744 2358 1793 venit
2377 1742 2579 1807 obviam,
2601 1746 2652 1793 et

1364 1875 1421 1894 ‘O
1428 1875 1720 1895 “OOOO‘OO&

439 1970 610 2021 Oxou.
632 1976 896 2023 sec—434
928 1972 1104 2023 dividis
1138 1972 1321 2024 Ambr.
1359 1978 1599 2039 pta—485
1633 1975 1797 2024 vivant
1819 1975 1943 2025 Vat.
1982 1977 2317 2039 quarn—«136
2351 1972 2423 2022 Et
2451 1975 2657 2036 perenne

438 2035 637 2087 Mazar.
658 2053 713 2086 ac
732 2044 943 2101 pereant.
966 2054 1081 2088 cnm
1118 2042 1314 2105 στιγμῇ,
1351 2047 1458 2089 tres
1480 2041 1630 2089 Vatt.
1664 2039 1806 2104 fictis
1827 2041 1906 2090 ed.
1941 2039 2115 2089 Vicet.
2154 2053 2235 2088 ceu
2259 2053 2354 2102 pro
2384 2053 2489 2087 cam
2513 2038 2653 2102 conj.

439 2102 626 2151 Heins.
660 2104 781 2152 Vat.
824 2115 902 2167 pr.
942 2112 997 2153 et
1042 2104 1129 2153 alii
1173 2105 1499 2170 distinguunt
1544 2105 1672 2170 fixis
1716 2121 1821 2154 cnm
1861 2105 2043 2167 legibus
2075 2105 2154 2152 ille
2192 2109 2413 2152 recenset.
2469 2101 2657 2165 legibus

438 2167 672 2217 Floreat.
695 2170 824 2230 Reg.
865 2169 940 2217 ire
980 2175 1190 2218 recenset
1211 2172 1333 2220 Vat.
1376 2173 1708 2234 qnam—43⁷
1744 2172 1866 2233 quod
1906 2171 2008 2219 inc.
2036 2168 2384 2219 Hans—488
2416 2168 2654 2233 Perficiat

436 2231 561 2280 Vat.
586 2233 750 2296 quint.
772 2233 869 2282 inc.
894 2234 1072 2284 Heius.
1096 2235 1290 2285 Mazar.
1317 2234 1504 2284 Petav.
1529 2249 1632 2285 sec.
1657 2233 1760 2284 dno
1784 2234 1964 2285 Ambr.
1990 2237 2116 2284 Exc.
2139 2235 2357 2284 Gevart.
2381 2231 2653 2296 Prospiciat

440 2295 589 2345 Leid.
623 2311 701 2359 pr.
739 2313 804 2348 m.
841 2312 943 2346 sec.
983 2299 1102 2349 Pal.
1146 2302 1298 2349 Farn.
1346 2301 1494 2348 Rott.
1535 2301 1666 2364 Reg.
1689 2300 1889 2352 Thuan.
1925 2299 2097 2349 Oxon.
2122 2314 2201 2363 pr.
2225 2300 2327 2348 duo
2351 2298 2493 2347 Med.
2518 2297 2650 2348 Exc-

437 2358 664 2411 Lucens.
696 2370 778 2425 pr.
808 2363 1076 2426 Prospiciat
1100 2365 1181 2412 vel
1205 2365 1435 2429 Proficiat
1469 2366 1589 2414 Vat.
1631 2373 1753 2415 tert.
1794 2367 1931 2415 velox
1953 2364 2141 2415 Scintia
2165 2365 2300 2413 Pric.
2320 2363 2501 2412 semina
2521 2362 2648 2413 Pnt.

437 2430 602 2476 -439
631 2440 845 2478 serenum
866 2428 900 2480 J
906 2444 989 2479 un.
1013 2443 1091 2493 pr.
1116 2428 1289 2481 Oxou.
1309 2445 1414 2481 sec.
1435 2445 1503 2480 m.
1528 2446 1605 2495 pr.
1627 2445 1792 2481 sonoro
1816 2431 2006 2481 Moret.
2033 2444 2109 2494 pr.
2132 2444 2293 2494 soporo
2313 2429 2415 2479 Ms.
2432 2428 2650 2479 Mureti.

437 2491 644 2541 Saturno
681 2493 800 2543 Vat.
842 2502 1006 2558 quart.
1045 2496 1092 2543 T
1095 2494 1247 2544 huan.
1287 2511 1397 2545 seno
1440 2497 1579 2546 Pric.
1626 2512 1805 2546 remoso
1851 2497 2139 2546 Fun—440
2171 2500 2301 2545 cerat
2346 2494 2520 2545 Oxou.
2564 2508 2648 2558 pr.

437 2562 565 2606 erret
588 2559 952 2609 Exc.Lucens.
998 2575 1077 2623 pr.
1111 2561 1259 2610 haeret
1296 2562 1485 2612 Moret.
1526 2576 1631 2610 sec.
1667 2563 1870 2612 Bonon.
1908 2567 2035 2612 ercet
2070 2561 2203 2624 Reg.
2235 2560 2330 2609 iret
2368 2558 2451 2610 ed.
2473 2558 2649 2610 vicet.

437 2624 575 2671 ardet
592 2622 878 2674 Pan-441
914 2640 1085 2687 magno
1106 2628 1175 2674 sol
1211 2627 1375 2675 limine
1398 2627 1519 2677 Vat.
1559 2642 1639 2690 pr.
1664 2635 1718 2675 et
1743 2636 1862 2678 tert.
1885 2628 1999 2677 Pal.
2023 2629 2164 2676 Rott.
2187 2626 2351 2676 Oisel.
2373 2623 2478 2674 duo
2500 2623 2647 2677 Med.

435 2687 642 2738 Thnan.
682 2690 877 2738 Mazar.
923 2690 1093 2740 Oxou.
1134 2706 1214 2755 pr.
1256 2692 1380 2740 Vat.
1421 2693 1589 2742 Livin.
1634 2693 1761 2742 Exc.
1798 2692 1930 2742 Cod.
1969 2693 2149 2743 Rhem.
2172 2692 2376 2740 Phoebus
2409 2691 2475 2739 ad
2503 2691 2650 2739 ὶὺπαι

436 2752 581 2801 Med.
607 2760 728 2802 tert.
764 2756 891 2803 item
917 2756 1075 2805 Gesn.
1119 2763 1176 2806 et
1218 2756 1304 2806 ed.
1349 2757 1562 2820 Bipont.
1597 2774 1766 2819 magno
1789 2758 1875 2808 Sol
1915 2758 2078 2807 liunine
2097 2757 2179 2806 vel
2203 2755 2406 2805 Pkoebns
2421 2756 2483 2804 ad
2505 2755 2649 2804 limen

438 2815 671 2869 Florent.
707 2821 769 2868 ad
808 2821 964 2869 lamen
984 2821 1165 2870 Ambr.
1197 2836 1303 2871 sec.
1342 2822 1518 2871 lumine
1553 2825 1766 2871 constitit
1802 2825 1936 2872 antri
1973 2824 2098 2885 Reg.
2119 2823 2315 2870 Thuan.
2346 2820 2503 2870 antris
2524 2822 2648 2871 Vat.

436 2896 516 2946 pr.
541 2897 607 2932 m.
630 2898 707 2947 pr.
729 2885 880 2933 austri
912 2884 1000 2934 lib.
1028 2886 1369 2938 Barth—«142
1400 2887 1635 2936 Adi-arrii
1666 2888 1788 2937 Put.
1824 2890 1950 2951 Var.
1986 2889 2090 2938 LL.
2126 2887 2210 2936 ed.
2233 2886 2394 2937 Antv.
2421 2885 2647 2934 Occurrit

438 2947 561 2997 Vat.
585 2963 663 3011 pr.
684 2948 912 2998 Accurrit
932 2951 1077 3000 Voss.
1116 2966 1182 3000 m.
1213 2967 1294 3015 pr.
1331 2953 1432 3001 duo
1457 2954 1601 3001 Vatt.
1640 2951 1783 3002 Med.
1817 2959 1938 3002 tert.
1963 2953 2065 3003 inc.
2097 2952 2278 3002 Heius.
2299 2953 2503 3000 Bonon-
2525 2950 2646 3003 Pat.

434 3012 640 3062 Tholas.
663 3013 789 3063 Lov.
814 3015 1005 3065 Moret.
1030 3031 1134 3065 sec.
1162 3023 1268 3065 tres
1293 3017 1477 3066 Petav.
1516 3015 1735 3066 totidem
1759 3016 1941 3068 Ambr.
1976 3019 2057 3068 ed.
2079 3017 2253 3066 Parm.
2278 3016 2408 3066 Exc.
2426 3016 2646 3071 Gevart.

437 3077 631 3125 Natura
650 3092 823 3140 parens
849 3078 1040 3128 Moret.
1064 3096 1140 3145 pr.
1165 3081 1412 3129 Heinsius
1435 3082 1749 3144 ascripserat
1793 3084 1957 3132 locum
1995 3083 2152 3132 Plinii
2197 3083 2283 3132 lib.
2317 3095 2461 3131 1111.
2493 3095 2542 3131 c.
2564 3084 2647 3129 24.

435 3140 451 3168 ⁴
476 3142 675 3192 Parens
699 3144 789 3193 illa
802 3158 863 3192 ac
882 3144 1056 3193 divina
1073 3160 1241 3194 rernm
1266 3145 1456 3194 artifex
1482 3147 1721 3196 Natura!
1738 3149 1855 3196 duce
1867 3149 1988 3197 Vat.
2011 3163 2090 3212 pr.
2109 3163 2176 3196 m.
2197 3161 2274 3210 pr.
2294 3146 2519 3210 superbus
2540 3145 2644 3195 duo

440 3206 590 3258 vatt.
613 3209 770 3260 Farn.
796 3210 989 3260 Moret.
1012 3224 1095 3274 pr.
1115 3210 1259 3267 Med,
1284 3217 1405 3261 tei-t.
1427 3207 1558 3262 Put.
1573 3212 1654 3262 ed.
1673 3214 1849 3263 Parm-
1864 3221 1924 3264 et
1935 3215 2108 3264 Vicet.
2129 3212 2321 3275 superbo
2338 3214 2439 3264 inc.
2466 3211 2648 3262 Heins-

1435 3328 1653 3382 NOTAE

506 3426 604 3473 435
644 3426 822 3474 Cursus
855 3420 1135 3492 stabilesque
1170 3418 1344 3491 moras]
1392 3427 1503 3477 Per
1647 3428 1742 3478 438
1787 3424 1931 3478 Velox
1973 3428 2141 3477 semita
2185 3427 2355 3490 Lam]
2424 3430 2639 3494 Cursum

435 3514 602 3550 cursus
653 3503 1006 3563 ‚cognoscimus
1063 3505 1334 3567 planetas;
1407 3520 1501 3568 per
1582 3520 1726 3555 suum
1753 3521 1847 3569 per
1868 3519 2098 3556 mensem
2116 3505 2459 3556 conficientis.

434 3576 629 3627 stabiles
645 3593 799 3626 moras
818 3582 1136 3638 agnoscimus
1157 3581 1333 3630 stellas
1351 3579 1498 3629 fixas.
1646 3586 1743 3632 439
1777 3582 2040 3646 Pigraque]
2108 3582 2355 3631 Saturnus
2410 3595 2509 3645 per
2553 3581 2640 3631 tri-

509 3652 686 3702 Vivunt
720 3672 774 3703 ac
812 3656 1031 3718 pereunt]
1066 3658 1271 3706 Etenim
1301 3662 1501 3706 statuta
1580 3661 1720 3724 ginta
1754 3676 1913 3710 annos
1936 3674 2139 3710 cursum
2183 3657 2424 3707 absolvit.
2489 3657 2640 3707 Unde

440 3730 658 3795 quadam
686 3734 818 3794 lege.
884 3737 899 3759 ‘
922 3733 1108 3781 Ortum
1134 3732 1375 3799 quicquid
1410 3734 1499 3782 ha·
1581 3744 1797 3786 vocatur
1815 3736 1961 3799 pigra
1983 3737 2092 3800 ejus
2109 3733 2294 3783 semita.

436 3805 530 3855 bet
551 3805 706 3855 finem
737 3807 919 3858 tumet!
986 3811 1203 3859 Statius.
1648 3812 1905 3877 Cytherea]
1936 3812 2099 3862 Stella
2117 3809 2355 3873 Veneris,
2397 3811 2646 3877 quaeVe·

500 3887 597 3932 437
638 3886 875 3934 Incertum
898 3887 1078 3936 Martis
1114 3889 1231 3952 iter]
1281 3890 1498 3953 Tempe·
1579 3905 1674 3939 ntis
1697 3891 1955 3954 Cytherea
1973 3889 2183 3953 cicitur,
2224 3894 2283 3937 ut
2320 3902 2481 3952 supra
2518 3884 2643 3951 vidi-

436 3958 540 4008 ries
563 3962 749 4010 Mat-tus
777 3963 1005 4013 Planetae
1043 3965 1249 4014 incerta
1281 3974 1331 4013 ct
1372 3966 1496 4015 inae-
1579 3980 1706 4015 mus.

436 4035 602 4100 qualis
639 4047 737 4097 est,
779 4048 933 4101 prout
970 4043 1132 4105 magis
1164 4051 1253 4091 aut
1292 4041 1498 4092 accedit
1642 4046 1740 4091 440
1769 4039 2022 4105 Plaoebtque
2042 4056 2191 4090 eomes
2212 4038 2479 4105 Cyllenius]
2505 4039 2641 4089 Mer-

438 4120 531 4164 aut
552 4113 800 4164 recedita
823 4118 957 4168 Sole.
1578 4120 1773 4179 curius,
1806 4118 1880 4167 sic
1925 4117 2093 4166 dictus
2133 4132 2164 4165 a
2206 4117 2424 4180 Cyllene
2468 4122 2639 4185 monte

505 4192 702 4240 Certum
732 4193 977 4256 Tonantis]
1009 4195 1306 4259 Temperies
1346 4196 1496 4247 Jovis
1584 4193 1836 4244 Arcadiae.
1872 4194 2146 4244 Proximus
2169 4203 2250 4244 est
2268 4194 2394 4253 Soli,
2418 4194 2637 4261 ideoque

435 4260 672 4319 Planetae
691 4271 883 4318 certior
899 4277 980 4320 est
997 4280 1052 4320 et
1070 4272 1339 4336 aequalior,
1358 4272 1498 4335 quod
1578 4270 1725 4335 illum
1749 4280 2003 4339 perpetuo
2027 4272 2262 4324 comitari
2285 4270 2494 4323 dicitur.
2541 4336 2542 4341 ¹
2577 4264 2580 4269 ’
2605 4324 2611 4334 ,

438 4352 612 4396 servet
633 4344 930 4408 distantiam
954 4361 986 4397 a
1004 4348 1122 4398 Sole
1148 4346 1495 4414 aequ'aliorem.
2179 4341 2183 4347 ’
2272 4340 2280 4348 ’
2307 4340 2310 4345 ⁴
2448 4339 2452 4345 ¹
2593 4343 2598 4346 ⁴
