2925 4928
502 575 678 643 Tum
707 577 807 641 sic
838 593 994 641 orsa
1020 573 1250 656 loqui:
1296 570 1637 651 Quantum
1668 576 1735 635 te
1768 572 2081 657 Principe
2109 575 2393 657 possim,

506 680 666 745 Non
693 681 1056 763 longinqua
1084 677 1365 743 docent:
1411 676 1665 740 domito
1694 675 1875 761 quod
1905 676 2179 741 Saxone
2207 676 2459 760 Tethys

505 781 761 859 Mitior,
791 789 909 846 aut
934 782 1147 845 fracto
1177 798 1417 844 secura
1447 779 1789 845 Britannia
1820 779 2044 844 Picto.

503 883 682 948 Ante
711 885 916 968 pedes
943 882 1179 947 humili
1212 882 1478 947 Franco
1508 883 1814 966 tristique
1845 882 2073 949 Suevo

505 988 858 1052 Perfruor:
903 994 969 1052 et
997 996 1290 1053 nostrum
1318 986 1542 1063 video,
1571 985 2008 1064 Germanice,
2026 986 2358 1052 Rhenum.

505 1090 638 1155 Sed
669 1091 830 1174 quid
860 1090 1103 1173 agam?
1152 1088 1413 1153 discors
1446 1088 1685 1153 Oriens
1714 1089 2022 1154 felicibus
2052 1093 2222 1154 actis

505 1195 794 1272 Invidet,
827 1200 1025 1276 atque
1054 1192 1189 1256 alio
1226 1191 1474 1257 Phoebi
1505 1192 1587 1256 de
1616 1192 1882 1257 cardine
1910 1199 2191 1275 surgunt

504 1298 815 1374 Crimina,
844 1316 927 1360 ne
955 1301 1096 1361 toto
1126 1296 1460 1379 conspiret
1489 1316 1766 1379 corpore
1793 1317 2085 1378 regnum.

505 1401 816 1465 Gildonis
845 1405 1040 1464 taceo
1068 1418 1310 1480 magna
1338 1418 1490 1462 cum
1517 1397 1720 1462 laude
1749 1405 2081 1481 repertam

1172 431 1294 481 ohe
1336 428 1767 477 (maumam
1817 429 2045 478 xnu:

2580 936 2711 1050 395

504 1616 632 1665 Tune
654 1616 816 1664 Roma
849 1615 922 1665 ita
953 1614 1130 1678 incepit
1163 1614 1291 1678 loqui
1308 1631 1325 1665 .-
1378 1615 1622 1670 Quantum
1659 1617 1853 1678 valeam,
1887 1622 1938 1665 te
1974 1615 2272 1679 imperatore,
2302 1630 2333 1664 o
2357 1612 2580 1678 Honori,
2616 1626 2713 1664 non

499 1679 642 1730 facta
662 1686 840 1730 remota
875 1685 1140 1737 testantur-3
1171 1682 1314 1744 qaod,
1354 1680 1546 1729 Saxone
1579 1680 1856 1744 profligato,
1889 1696 2018 1730 nnare
2052 1687 2131 1730 est
2167 1684 2334 1744 tactim,
2356 1687 2443 1731 aut
2464 1682 2586 1744 qaod
2606 1682 2710 1730 An·

495 1747 602 1807 glia
623 1751 726 1795 tuta
750 1754 829 1795 est
852 1746 1009 1795 Pictis
1028 1744 1287 1795 debellatis.
1329 1780 1330 1783 ,
1355 1745 1513 1794 Fruor
1538 1747 1740 1795 Francis
1765 1747 2038 1806 summissis,
2055 1751 2102 1795 et
2127 1746 2295 1796 Suevis
2324 1748 2505 1810 asperis
2526 1746 2710 1809 jacen-

500 1810 637 1863 tibus
661 1813 721 1859 ad
740 1814 881 1874 pedes
909 1826 1051 1871 meos,
1072 1816 1121 1860 et
1155 1811 1340 1860 intueor
1373 1811 1593 1860 Rhenum
1626 1812 1677 1859 in
1710 1816 1874 1871 nostra
1908 1819 2186 1874 potestate,
2221 1827 2252 1860 o
2276 1812 2477 1861 Honori
2502 1812 2712 1861 Germa·

498 1876 620 1925 nice.
685 1877 757 1925 At
779 1873 1114 1939 quidsaciam?
1179 1875 1465 1938 Imperium
1487 1877 1700 1925 Orientis
1719 1879 1968 1925 oemulatur
1991 1875 2132 1935 facta
2152 1884 2327 1926 nostra
2350 1876 2624 1937 fortunata,
2659 1880 2710 1925 et

497 1944 672 1991 scelera
689 1943 907 1991 eduntur
926 1957 987 1991 ex
1018 1941 1114 1990 alia
1144 1941 1225 1990 via
1260 1941 1402 2003 Solis,
1433 1956 1495 1990 ne
1529 1942 1790 2006 Imperium
1825 1945 2086 1992 amentiae
2116 1943 2176 1991 *in
2204 1943 2421 2007 partibas
2457 1942 2708 1990 universis.

1412 2107 1440 2124 0
1445 2105 1470 2124 O
1476 2106 1649 2125 'Note
1652 2107 1707 2125 ‘O
1711 2107 1770 2125 θ’

497 2217 683 2266 Sched.
709 2218 1006 2268 Gna—391
1047 2219 1168 2268 Tum
1206 2219 1351 2270 Leid.
1387 2234 1468 2282 pr.
1502 2220 1627 2269 Vat.
1661 2221 1822 2272 Livin.
1846 2223 1988 2272 Med.
2010 2228 2181 2286 quart.
2204 2221 2309 2271 inc.
2352 2218 2537 2270 Heius.
2572 2217 2717 2283 Exn.

500 2284 721 2332 Lucens.
742 2297 846 2331 sec.
882 2284 1010 2332 Tam:
1029 2282 1130 2332 duo
1150 2285 1298 2334 Vatt.
1322 2286 1466 2334 Pric.
1491 2285 1644 2334 Farn.
1673 2287 1820 2338 Rott.
1844 2287 2005 2337 Oisel.
2036 2288 2164 2337 Exc.
2190 2286 2345 2336 Laeti.
2372 2300 2560 2350 possum
2583 2285 2715 2335 Vat.

500 2347 665 2411 quint.
706 2348 861 2396 Farn.
898 2350 1043 2398 Rott.
1079 2349 1223 2398 Med.
1266 2358 1387 2399 tert.
1423 2351 1556 2413 Reg.
1594 2351 1782 2403 Petav.
1817 2367 1897 2417 pr.
1937 2352 2082 2402 Leid.
2119 2368 2202 2416 pr.
2226 2353 2352 2401 item
2378 2351 2550 2401 Oxon.
2574 2351 2719 2409 Erre-4

496 2413 630 2462 Laeti
675 2411 963 2466 Ald.Junt.
999 2413 1176 2466 Parm.
1213 2415 1383 2464 Vicet.
1435 2430 1615 2479 possem
1649 2417 1770 2468 Vat.
1804 2433 1883 2483 pr.
1924 2419 2085 2470 Oisel.
2126 2419 2355 2468 Florent.
2394 2417 2520 2468 Jun.
2561 2428 2719 2479 pref-2

497 2483 593 2528 392
627 2447 731 2527 Nos
750 2480 1006 2542 longinqua
1030 2488 1133 2529 vet.
1159 2474 1290 2545 Gyr'.
1324 2482 1457 2529 Num
1478 2483 1793 2545 conjiciebat
1814 2484 1994 2535 Heius,
2025 2484 2209 2533 domino
2232 2484 2360 2532 Exc.
2376 2482 2508 2531 Laeti
2532 2496 2600 2529 m.
2624 2494 2711 2544 pr.

484 2545 593 2612 jam
614 2544 803 2593 Saxone
828 2545 970 2595 Med.
990 2551 1161 2609 quart.
1210 2562 1301 2610 quo
1325 2546 1438 2595 Pal.
1456 2562 1491 2631 g
1511 2546 1635 2597 Jun.
1662 2563 1740 2611 pr.
1790 2551 1911 2612 quod
1934 2551 2012 2598 vel
2037 2565 2126 2613 quo
2152 2548 2295 2598 Med.
2320 2562 2424 2597 sec.
2479 2549 2602 2610 quod
2626 2546 2711 2595 vol

482 2632 595 2693 ,iam
616 2633 760 2683 Leid.
801 2650 904 2684 sec.
937 2635 1148 2685 Santone
1170 2635 1353 2686 Ambr.
1379 2645 1505 2688 tert.
1559 2640 1755 2688 Rhenus
1779 2655 1872 2703 pro
1900 2640 2077 2704 Tethys
2097 2640 2252 2689 Fam.
2304 2633 2357 2687 εἱ
2375 2636 2558 2686 Ambr.
2586 2644 2711 2688 tert.

493 2702 655 2752 τ-393
688 2704 842 2748 strato
866 2699 1045 2749 Ambr.
1072 2716 1148 2763 pr.
1170 2702 1360 2753 sched.
1386 2704 1527 2754 Gnd.
1576 2704 1718 2753 Picto
1742 2707 1868 2756 Exc.
1893 2706 2112 2754 Lucens.
2134 2715 2233 2768 pr.·
2263 2704 2409 2752 Brito
2427 2702 2511 2753 ed.
2533 2703 2710 2755 Vicet-

493 2768 656 2820 ÷394
677 2764 843 2825 fracto
866 2781 960 2828 pro
986 2767 1172 2815 Franco
1204 2767 1329 2818 Jun.
1371 2783 1449 2831 pr.
1487 2769 1630 2818 Leid.
1668 2784 1770 2820 sec.
1795 2771 1967 2820 Oxon.
1991 2785 2094 2819 sec.
2117 2771 2217 2819 duo
2240 2770 2428 2822 Petav.
2451 2768 2578 2817 Pat.
2604 2775 2715 2817 tres

491 2826 674 2879 Ambr.
700 2830 801 2879 inc.
829 2831 1011 2880 HeinS.
1045 2833 1172 2883 Var.
1199 2834 1301 2882 LL.
1326 2848 1356 2881 e
1378 2847 1542 2898 marg.
1568 2835 1743 2884 Parm.
1779 2843 1834 2884 et
1869 2835 1952 2885 ed.
1991 2835 2149 2884 Antv.
2207 2835 2390 2883 Franco
2425 2834 2511 2881 vel
2540 2832 2709 2893 fracto

495 2891 620 2942 Vat.
639 2909 725 2957 pr.
749 2896 873 2946 Lov,
926 2897 1119 2946 tristive
1140 2897 1264 2948 Jun.
1291 2904 1530 2961 pr.——395
1565 2905 1769 2950 vestrum
1805 2901 1926 2950 Vat.
1967 2901 2132 2952 Livin.
2189 2915 2345 2948 rernm
2366 2913 2463 2962 pro
2490 2898 2717 2964 Rhenum·

493 2957 696 3008 Tholos.
741 2960 920 3008 Retum
960 2961 1081 3011 inde
1119 2963 1435 3026 conjiciebat
1477 2964 1823 3015 Heius—396
1859 2967 1982 3015 actis
2021 2966 2104 3013 vel
2138 2966 2288 3014 armis
2323 2965 2500 3015 Oxon.
2535 2977 2711 3026 seca-f-

493 3025 588 3073 39⁷
621 3025 828 3073 camnine
862 3025 985 3076 Jun.
1029 3041 1110 3088 pr.
1162 3033 1350 3077 sumunt
1387 3030 1517 3078 Lov.
1556 3045 1623 3080 m.
1659 3035 1901 3093 pr.—398
1938 3031 2164 3079 Carmina
2199 3030 2344 3079 Pric.
2385 3028 2552 3078 Oisel.
2598 3023 2711 3076 Mu:

493 3101 599 3137 zar.
665 3104 748 3138 nec
787 3095 885 3138 toto
925 3090 1072 3146 Med.
1119 3099 1244 3142 tert.
1307 3093 1474 3145 ordine
1508 3094 1632 3145 Jun.
1697 3110 1862 3157 regum
1904 3095 2029 3145 Jun.
2075 3098 2320 3159 pta—399
2365 3098 2554 3142 taceam
2592 3093 2721 3162 Pa.

1490 3270 1709 3322 NOTAE

1637 3403 1759 3467 cipe
1779 3404 2000 3454 virtutes
2033 3377 2208 3456 omnes
2242 3406 2466 3458 heroicae
2506 3405 2713 3470 absque

1637 3481 1744 3529 ulla
1762 3481 1877 3531 vitii
1900 3484 2103 3531 macula
2127 3483 2422 3533 elucebant.

505 3467 508 3472 ⁴
559 3396 755 3460 Ingens]
801 3398 975 3463 Major
996 3402 1113 3449 erat
1135 3400 1312 3450 Romae
1338 3402 1556 3465 species.

557 3475 654 3523 392
714 3475 827 3523 Non
877 3476 1132 3539 longinqua
1177 3477 1367 3539 docent]
1434 3480 1556 3529 Non

491 3564 621 3613 opus
644 3557 724 3599 est
745 3550 900 3602 factis
924 3553 1218 3618 longinquis
1238 3569 1299 3604 ac
1323 3557 1556 3618 remotis,

491 3633 552 3675 ut
592 3627 914 3687 ostendatur,
960 3637 1208 3693 quantum
1249 3632 1458 3695 possim,
1502 3640 1556 3682 te

489 3701 828 3764 Imperatore.

554 3779 765 3844 Saxone]
832 3781 1077 3844 SaxoneS,
1130 3776 1302 3848 Picti,
1344 3785 1555 3847 Franci,

490 3849 663 3915 Suevi,
687 3856 955 3917 Germani,
976 3857 1164 3922 aliique
1192 3861 1367 3923 populi
1400 3878 1430 3910 a
1450 3863 1552 3913 Sti-

487 3930 688 3980 lichone
715 3939 806 3980 aut
832 3933 954 3982 victi
990 3942 1084 3984 aut
1118 3939 1395 4002 compositi
1431 3947 1553 3991 sunt

489 4006 583 4054 sub
607 4008 848 4069 auspiciis
874 4011 1110 4060 Honorii.

507 4084 646 4136 5395
707 4083 1011 4148 Germanice]
1080 4088 1247 4138 Roma
1290 4091 1555 4143 blanditur

490 4155 743 4219 Honorio,
782 4160 900 4208 dum
943 4172 1097 4213 vocat
1128 4181 1242 4213 eum
1284 4167 1557 4218 Germani-

488 4248 625 4295 cum,
645 4235 878 4286 alludens
900 4237 965 4286 ad
990 4240 1354 4300 Germanicum
1389 4245 1553 4310 illurn,

1696 3561 1800 3608 898
1834 3559 2079 3622 Crimina]
2133 3560 2438 3624 Eutropius,
2462 3560 2554 3625 qui
2576 3572 2706 3609 novo

1637 3635 1855 3685 crimine
1879 3636 1944 3684 ad
1970 3638 2288 3686 consulatum
2318 3638 2578 3687 evehitur.

1706 3713 1979 3776 conspiret]
2043 3713 2129 3763 Ne
2150 3714 2435 3777 Imperium
2467 3728 2572 3763 non
2598 3727 2709 3777 per-

1636 3786 1780 3837 fecta
1818 3790 2098 3857 concordia
2136 3789 2337 3854 fruatur
2358 3791 2410 3838 in
2449 3797 2567 3840 toto
2599 3804 2707 3848 core

1635 3880 1783 3929 pore,
1815 3866 1865 3914 in
1906 3867 2140 3929 partibus
2175 3867 2451 3931 omnibus3
2494 3883 2566 3918 ne
2606 3880 2702 3915 non

1635 3958 1738 3993 uno
1762 3952 1816 3994 et
1840 3945 2022 3993 eodem
2054 3943 2234 4007 spiritu
2261 3943 2539 4008 animoque
2564 3958 2704 4008 rega·

1566 4050 1586 4067 .
1638 4026 1756 4079 tut-3
1792 4034 1858 4068 ne
1895 4035 1997 4068 non
2035 4020 2103 4070 sit
2124 4019 2466 4083 fortunatum,
2488 4025 2703 4085 snrgunt

1636 4096 1849 4145 crimina
1888 4098 1941 4146 in
1988 4097 2233 4160 Oriente,
2270 4098 2530 4163 Eutropio
2569 4097 2702 4147 facto

1638 4171 1882 4223 Consule.
2474 4195 2479 4203 ·
2700 4187 2707 4190 ’

1699 4254 1797 4299 399
1832 4247 2115 4313 Repertavn]
2177 4248 2285 4301 Alii
2327 4252 2511 4314 legunt
2548 4263 2697 4311 meop-

489 4313 632 4363 urbis
654 4313 892 4382 orbisque
914 4318 1150 4385 delicias,
1187 4322 1241 4382 in
1275 4322 1552 4388 quo'Prin-
1630 4330 1749 4376 hini.
1783 4327 1965 4377 Taceo
1993 4324 2273 4391 perfidiam
2289 4323 2534 4377 Gildonis
2565 4325 2703 4374 male
