2925 4928
459 390 593 477 ‘212

458 564 682 644 EnsiS,
708 569 778 629 et
804 550 1072 629 ultrices
1100 559 1171 626 in
1198 581 1271 628 se
1299 550 1706 628 converterat
1731 559 1869 624 iras

457 666 755 734 Tandem
776 666 967 751 justa
993 684 1253 731 manus,
1339 663 1386 729 J
1391 683 1499 728 am
1528 663 1829 728 libertate
1858 659 2158 741 reducta,

458 768 786 850 Quamvis
814 769 1154 834 emeritum
1181 774 1437 852 peteret
1468 767 1734 832 Natura
1763 765 2000 833 reverti

457 873 750 952 Numen,
782 881 852 937 et
883 877 1148 937 auratas
1176 878 1502 938 astrorum
1539 871 1864 956 panderet
1893 887 2107 946 arces»,

458 976 874 1061 Nutaretque
903 976 1083 1040 oneri
1111 980 1390 1041 venturo
1427 973 1738 1038 conscius
1767 971 1992 1050 Atlas,

458 1078 743 1144 Distulit
773 1075 1122 1162 Augustus
1153 1075 1406 1161 cupido
1438 1095 1513 1140 se
1541 1074 1808 1140 reddere
1839 1073 2038 1153 coelo,

460 1181 641 1247 Dum
667 1182 795 1247 tibi·
820 1187 1133 1266 pacatum
1159 1180 1482 1263 praesenti
1511 1177 1798 1243 traderet
1825 1177 2070 1242 orbem.

457 1280 610 1349 Nec
638 1304 865 1366 mora3
910 1283 1237 1349 Bistoniis
1266 1284 1488 1348 alacer
1517 1279 1864 1363 consurgis
1894 1280 1980 1371 ab
2007 1277 2171 1357 oris,

1178 416 1294 466 cn.
1342 412 1768 463 cunnum
1817 411 1956 483 vu.

2533 660 2661 725 105

2538 1174 2666 1239 110

452 1430 755 1497 profundum,
769 1448 860 1483 non
879 1448 971 1483 nno
986 1449 1108 1497 ense,
1129 1440 1177 1484 et
1193 1435 1386 1497 gladius
1403 1436 1623 1498 geminus
1642 1432 1839 1495 calebat,
1855 1447 1910 1480 ac
1925 1432 2116 1480 tandem
2140 1430 2335 1479 dextera
2359 1426 2669 1494 Arbogastis

447 1497 589 1558 justa
609 1504 817 1548 venerat
833 1501 884 1549 in
903 1514 952 1548 se
959 1499 1176 1560 furorem
1192 1500 1438 1550 vindicem.
1503 1502 1619 1550 dam
1640 1498 1859 1547 libertate
1876 1497 2118 1557 restituta,
2137 1496 2246 1544 licet
2264 1500 2437 1544 natura
2454 1499 2667 1558 posceret

460 1561 809 1612 Theodosium
852 1579 941 1613 seu
978 1566 1165 1615 Numen
1184 1565 1567 1632 ‹fficiosunctum
1586 1566 1761 1626 redire,
1777 1568 1918 1627 atque
1938 1562 2144 1626 aperiret
2164 1561 2321 1609 domos
2339 1575 2505 1609 aureas
2529 1560 2669 1621 Coeli,

459 1632 509 1678 et
539 1628 683 1678 Atlas
719 1644 995 1691 cognoscens
1015 1635 1288 1693 quateretur
1321 1632 1567 1694 opinione
1603 1630 1825 1694 ponderis
1850 1626 2033 1688 futuri,
2068 1627 2312 1687 Augustus
2342 1624 2669 1674 Theodosius

448 1693 820 1757 procrastinavit
840 1695 1015 1754 referre
1047 1710 1097 1744 se
1119 1696 1236 1745 Polo
1256 1697 1515 1760 expetenti,
1537 1698 1681 1745 donec
1715 1693 1946 1758 proeberet
1969 1691 2060 1740 tibi
2077 1691 2303 1754 praesenti
2325 1695 2481 1739 terras
2495 1690 2670 1755 pacifi-

457 1773 554 1809 cas.
623 1760 876 1824 Continuo,
899 1774 930 1810 o
970 1760 1192 1826 Honori,
1210 1762 1349 1811 letas
1369 1761 1588 1824 exsurgis
1605 1777 1637 1811 a
1667 1758 1900 1810 tractibus
1926 1757 2159 1819 Thracica,
2188 1758 2361 1806 audens
2384 1761 2674 1806 trananeare

1379 1889 1561 1910 &neec
1564 1888 1741 1909 “00“

457 1970 557 2018 104
588 1968 774 2020 ultricis
804 1968 959 2020 Voss.
1000 1985 1082 2034 pr.
1116 1970 1407 2021 convertitur
1441 1984 1554 2021 aras
1587 1969 1953 2019 Tholos.—105
1987 1983 2093 2019 cum
2130 1967 2348 2018 libertate
2382 1966 2505 2016 Vat.
2546 1971 2673 2016 tert.

457 2033 607 2084 Rott.
628 2035 793 2085 Oisel.
819 2035 1003 2085 Ambr.
1023 2050 1128 2086 sec.
1151 2036 1294 2085 Med.
1334 2050 1441 2086 sec.
1479 2051 1548 2084 m.
1588 2050 1668 2099 pr.
1703 2040 1803 2083 tum
1825 2034 2014 2083 Petav.
2042 2041 2165 2084 tert.
2192 2034 2298 2093 jam
2336 2032 2418 2081 vel
2439 2047 2544 2081 cum
2567 2032 2671 2081 inc.

455 2098 645 2149 Heius.
682 2105 868 2163 recepta
902 2099 1212 2150 Pria—loc
1248 2101 1566 2157 Quantunwis
1607 2102 1735 2150 Exc.
1776 2101 2089 2148 νοω-107
2123 2103 2251 2150 artes
2271 2099 2397 2147 Var.
2438 2098 2547 2146 LL.
2583 2096 2668 2147 ed.

459 2161 789 2214 Antv.—108
824 2167 1155 2230 Nuptaretque
1174 2167 1302 2216 Var.
1326 2167 1428 2217 LL.
1452 2165 1537 2214 ed.
1561 2163 1722 2215 Antv.
1760 2164 1911 2213 oneris
1946 2166 2136 2214 centuri
2167 2166 2296 2212 Exc.
2321 2164 2536 2212 Luceus.
2567 2176 2673 2211 sec.

458 2228 590 2277 oneri
613 2230 695 2278 vel
718 2245 876 2278 coram
898 2231 1191 2293 Reg.-109
1224 2230 1433 2280 Sustulit
1465 2230 1583 2279 Pal.
1620 2236 1760 2294 capto
1782 2230 1903 2285 Juu.
1944 2245 2020 2291 pr.
2045 2230 2208 2293 quiet
2231 2230 2443 2278 condere.
2476 2229 2676 2277 reddere

450 2300 682 2358 quatuor
701 2296 822 2344 Vat.
846 2294 962 2345 Pal.
985 2296 1138 2344 Farn.
1159 2298 1348 2345 credere
1370 2297 1551 2346 decem
1588 2296 1692 2357 alii,
1727 2296 1854 2345 Exc.
1892 2294 2096 2344 Schott.
2118 2301 2173 2344 et
2196 2300 2297 2343 vet.
2324 2292 2457 2343 Cod.
2479 2292 2673 2342 Rhem-

456 2356 534 2407 ita
554 2357 718 2410 Gesn.
737 2366 791 2409 et
815 2360 1100 2425 Bip.—1no
1131 2361 1224 2410 sibi
1244 2363 1365 2411 Var.
1404 2361 1512 2410 LL.
1539 2362 1619 2411 ed.
1645 2360 1801 2410 Autv.
1836 2361 2076 2423 placatum
2110 2359 2227 2409 Pal.
2256 2359 2459 2408 Tholos.
2482 2356 2674 2408 Ambr.

452 2437 544 2488 pr.
582 2430 858 2488 presentem
896 2427 1019 2477 Vat.
1043 2433 1165 2478 tert.
1196 2427 1462 2492 prasertim
1505 2426 1652 2477 Rott.
1697 2427 1914 2476 redderet
1953 2440 2046 2490 pro
2084 2427 2294 2476 traderet
2326 2425 2520 2473 Moret.
2570 2437 2675 2474 sec.

456 2488 506 2541 ,Τ
506 2491 670 2542 holos.
696 2492 884 2542 petav.
908 2497 1190 2543 tert.-—-lll
1226 2493 1467 2555 consurgit
1488 2493 1588 2542 duo
1611 2494 1733 2542 Vat.
1754 2492 1901 2542 Med.
1927 2498 2048 2541 tert.
2069 2492 2194 2542 Juu.
2216 2506 2297 2556 pr.
2320 2489 2445 2540 Pat.
2467 2490 2675 2539 Borion.

454 2551 643 2610 Ambr.
664 2571 745 2622 pr.
766 2556 985 2621 confugit
1006 2557 1151 2610 Med.
1188 2573 1291 2609 sec.
1313 2558 1438 2611 Put.
1472 2558 1603 2608 Lov.
1639 2558 1827 2608 Petav.
1865 2571 1973 2607 sec.
2008 2557 2160 2607 Leid.
2184 2572 2215 2606 a
2232 2571 2303 2607 m.
2325 2569 2405 2620 pr.
2425 2554 2676 2618 consurgit

1452 2673 1667 2725 NOTAE

457 2770 631 2829 gastes
679 2768 862 2819 Comes
904 2768 1252 2821 Valentiniani
1306 2772 1524 2822 secundi
1602 2770 1691 2837 qui
1732 2768 1970 2820 defuncti
2008 2774 2146 2833 sunt,
2185 2773 2242 2818 et
2280 2768 2423 2818 velut
2459 2764 2674 2831 fatigati

452 2850 737 2894 commotus
782 2846 836 2895 in
878 2846 1176 2912 Principem
1210 2848 1277 2898 ob
1311 2849 1521 2910 missum
1601 2848 1909 2913 quibusdam
1930 2846 2213 2896 laboribuS.

453 2919 553 2971 sibi
586 2920 818 2972 libellum
853 2932 1300 2987 exauctor-antem,
1350 2927 1524 2975 omnia

453 2996 791 3060 permiscuit:
826 2999 917 3048 sed
941 3000 993 3049 in
1010 3001 1121 3064 ipso
1146 3000 1289 3051 aditu
1307 2999 1522 3065 Alpium

455 3084 520 3120 eo
543 3070 918 3137 desperationis
940 3075 1196 3126 adductus
1219 3083 1299 3127 est
1317 3091 1349 3126 a
1363 3078 1525 3127 Theo·

455 3147 622 3209 dosin,
665 3156 723 3197 ut
762 3151 859 3201 sibi
897 3159 1115 3202 mortem
1152 3155 1521 3218 conscisceret,

452 3226 685 3290 repetito
707 3229 842 3278 ensis
862 3229 987 3281 ictu.

523 3307 617 3353 105
657 3304 863 3356 Tandem
887 3306 1024 3367 justa
1059 3308 1244 3371 manus]
1282 3307 1518 3358 Tandem

456 3377 773 3448 Arbogastes
794 3384 846 3434 iu
871 3400 928 3435 se
966 3387 1227 3438 convertit
1248 3387 1520 3437 iras'ultri-

454 3473 563 3524 ces,
581 3466 638 3510 et
658 3475 713 3511 se
727 3462 877 3525 justa
898 3479 1052 3514 manu
1069 3465 1281 3528 occidit,
1299 3480 1400 3531 qua
1417 3465 1520 3515 Va-

451 3536 794 3588 lentinianum
817 3539 1109 3605 Augustum
1131 3541 1330 3593 nefarie
1353 3548 1521 3593 stran-

452 3607 655 3677 gulasse
677 3615 967 3669 dicebatur.
1286 3629 1290 3634 ’

520 3695 617 3742 106
649 3695 918 3746 Emeritam
939 3697 1148 3762 Numen]
1172 3697 1336 3750 Quasi
1355 3698 1518 3747 Theo·

446 3767 642 3834 dosius,
663 3779 723 3821 ut
748 3775 974 3837 Numen,
1013 3789 1043 3824 e
1078 3776 1208 3827 coelo
1242 3775 1516 3837 deciderit,

450 3849 512 3895 ut
536 3846 714 3897 orbem
753 3851 1002 3914 placaret,
1033 3853 1389 3918 tumultusque
1427 3867 1519 3902 ex·

450 3925 734 4000 tingueret,
754 3936 809 3980 et
830 3931 926 3979 hoc
949 3930 1118 3981 officio
1148 3931 1440 3995 defunctus,
1460 3940 1518 3983 et

447 4002 599 4052 velut
619 4005 863 4054 emeritus
899 4006 1095 4057 rediret
1128 4008 1194 4057 ad
1218 4009 1404 4059 coeium
1429 4025 1518 4073 pa-

450 4077 627 4129 trium.
695 4082 939 4132 Emer-itus
966 4084 1085 4133 olim
1110 4085 1405 4149 dicebatur,
1427 4087 1517 4151 qui

452 4168 551 4218 per
585 4162 783 4207 certum
824 4165 1030 4225 tempus
1051 4161 1105 4210 in
1128 4161 1282 4212 Circo
1319 4177 1516 4226 pugua-

450 4238 621 4308 verat,
641 4239 696 4284 et
715 4233 781 4284 ab
817 4235 908 4287 illa
934 4251 1106 4302 pugna
1139 4236 1386 4304 deinceps
1422 4238 1516 4289 im·

448 4312 620 4363 munis
646 4317 790 4364 erat:
841 4312 964 4366 inde
987 4312 1299 4367 transfertur
1317 4315 1385 4366 ad
1408 4331 1516 4382 eos,

1669 2928 1885 2992 Natura]
1919 2927 2065 2977 Ordo
2103 2927 2192 2978 ille
2230 2939 2399 2974 rerum
2436 2922 2669 2972 omnium

1600 3005 1786 3055 seriem
1829 3005 2128 3065 continens;
2183 3003 2265 3052 vel
2300 3000 2476 3065 potius
2516 3000 2669 3049 Deus

1599 3081 1711 3147 ipse
1735 3089 1915 3132 auctor
1936 3090 2155 3132 naturae.
2489 3117 2492 3120 -

1668 3162 1762 3209 107
1783 3160 1995 3210 Aur-atas
2013 3164 2248 3208 astrorum
2267 3156 2494 3220 panderet
2514 3153 2672 3217 arces]

1599 3235 1888 3286 Theodosio
1898 3249 2174 3285 ascensuro
2190 3251 2204 3285 t
2228 3231 2512 3283 credebant
2522 3233 2671 3296 quip-

1601 3327 1687 3376 pe,
1726 3319 1785 3362 ut
1820 3312 2059 3374 diximm,
2094 3318 2237 3362 ortas
2267 3325 2333 3361 ex
2369 3309 2534 3359 stellis
2558 3311 2671 3360 He·

1597 3385 1744 3439 roum
1766 3389 1979 3451 animas,
2000 3390 2123 3438 illuc
2145 3389 2337 3439 redire.

1665 3472 1761 3517 108
1796 3467 2033 3530 Nutaret]
2065 3468 2236 3518 Fictio
2259 3467 2558 3530 Poetarum,
2575 3465 2672 3533 qui

1597 3543 1845 3596 dicebant
1869 3545 2070 3596 Heroas
2095 3546 2210 3595 aliis
2228 3544 2523 3595 hominibus
2545 3558 2667 3594 esse

1597 3621 1880 3685 graviores.

1663 3702 1759 3748 109
1790 3698 2059 3762 Augustus]
2081 3698 2427 3749 Theodosius:
2464 3696 2533 3747 ab
2556 3695 2671 3747 Au-

1596 3782 1749 3841 gusto
1768 3779 1974 3829 Caesare
1992 3777 2159 3827 ceteri
2173 3776 2521 3842 Imperatores
2533 3774 2671 3825 dicti

1597 3853 1841 3918 Augusti.

1662 3934 1759 3980 110
1793 3931 2051 3996 Praesenti]
2079 3928 2393 3980 Theodosius
2414 3928 2667 3979 Constan-

1596 4006 1818 4070 tinopoli
1856 4013 2132 4072 aegrotans,
2169 4003 2446 4056 accersivit
2479 3999 2665 4053 Hono·

1594 4083 1744 4147 rium,
1785 4099 1886 4149 quo
1928 4082 2183 4148 praesente
2223 4081 2364 4131 visus
2399 4080 2669 4131 convales-

1591 4173 1742 4211 cere:
1776 4175 1896 4211 mox
1916 4159 2037 4210 filiis
2059 4159 2333 4224 imperium
2355 4153 2593 4219 tradidit,
2608 4160 2668 4205 et

1593 4237 1755 4287 ‘vitam
1777 4237 2009 4302 reliquit.
2383 4244 2392 4254 ¹
2421 4247 2426 4250 ’

1659 4317 1752 4365 111
1787 4312 2046 4376 Bistoniis]
2079 4312 2317 4363 Bistones
2336 4314 2456 4361 sunt
2477 4306 2667 4376 populi
